% Encoding: UTF-8
@Article{caussanel:hal-00885190,
  author      = {Caussanel, J.P.},
  title       = {{Nuisibilit{\'e} et seuils de nuisibilit{\'e} des mauvaises herbes dans une culture annuelle : situation de concurrence bisp{\'e}cifique}},
  journal     = {{Agronomie}},
  year        = {1989},
  volume      = {9},
  number      = {3},
  pages       = {219-240},
  url         = {https://hal.archives-ouvertes.fr/hal-00885190},
  file        = {hal-00885190.pdf:https\://hal.archives-ouvertes.fr/hal-00885190/file/hal-00885190.pdf:PDF},
  hal_id      = {hal-00885190},
  hal_version = {v1},
  publisher   = {{EDP Sciences}},
}

@article{caussanel1989nuisibilite,
    title={Nuisibilit{\'e} et seuils de nuisibilit{\'e} des mauvaises herbes dans une culture annuelle: situation de concurrence bisp{\'e}cifique},
    author={Caussanel, JP},
    journal={Agronomie},
    volume={9},
    number={3},
    pages={219--240},
    year={1989}
}

@article{Kudsk2020,
	author = {Kudsk, Per and Sønderskov, Mette and Bonin, Ludovic and Gonzalez-Andujar, Jose and Jensen, Jens Erik and Melander, Bo and Moonen, A.C. and Riemens, M.M. and Sattin, Maurizio and Schaffner, Urs and Storkey, Jonathan},
	year = {2020},
	month = {08},
	pages = {152-159},
	title = {IWMPRAISE – An EU Horizon 2020 Project Providing Integrated Weed Management Solutions to European Farmers},
	volume = {31},
	journal = {Outlooks on Pest Management},
	doi = {10.1564/v31_aug_02}
}


@phdthesis{reulier:tel-01264723,
	TITLE = {{Structure paysag{\`e}re et dynamiques spatiales des transferts hydro-s{\'e}dimentaires. Approche par simulation multi-agents}},
	AUTHOR = {Reulier, Romain},
	URL = {https://hal.archives-ouvertes.fr/tel-01264723},
	SCHOOL = {{Universit{\'e} de Caen Normandie}},
	YEAR = {2015},
	MONTH = Dec,
	KEYWORDS = {Geomorpholog ; M{\'e}thode de ; Simulation ; Analyse Spatiale (statistique) ; Paysage-Modification ; Sols-Erosion ; G{\'e}omorphologie},
	TYPE = {Theses},
	PDF = {https://hal.archives-ouvertes.fr/tel-01264723/file/Reulier_2015.pdf},
	HAL_ID = {tel-01264723},
	HAL_VERSION = {v1},
}

@inproceedings{delye:hal-02736186,
	TITLE = {{{\'E}tat des lieux des resistances aux herbicides en France~: grandes cultures et mara{\^i}chage}},
	AUTHOR = {D{\'e}lye, Christophe},
	URL = {https://hal.inrae.fr/hal-02736186},
	BOOKTITLE = {{Journ{\'e}es d'{\'E}changes sur les R{\'e}sistances aux produits de protection des plantes 2017}},
	ADDRESS = {Bordeaux, France},
	ORGANIZATION = {{R{\'e}seau de R{\'e}flexion et de Recherche sur les R{\'e}sistances aux Pesticides (R4P). FRA.}},
	VOLUME = {Comptes-rendus des Journ{\'e}es d'{\'E}changes sur les R{\'e}sistances aux produits de protection des plantes 2017},
	PAGES = {49 p.},
	YEAR = {2017},
	MONTH = Mar,
	KEYWORDS = {herbicide ; inhibiteurs de l'ACCase (groupe HRAC A) ; inhibiteurs de l'ALS (groupe HRAC B) ; r{\'e}sistance ; gramin{\'e}es ; dicotyl{\'e}dones ; grandes cultures ; vari{\'e}t{\'e}s tol{\'e}rantes aux herbicides (VTH) ; auxiniques (groupe HRAC O) ; herbicides racinaires (groupes HRAC K1, K3 et N)},
	HAL_ID = {hal-02736186},
	HAL_VERSION = {v1},
}


@article{COLBACH2010205,
	title = {Assessing non-chemical weeding strategies through mechanistic modelling of blackgrass (Alopecurus myosuroides Huds.) dynamics},
	journal = {European Journal of Agronomy},
	volume = {32},
	number = {3},
	pages = {205-218},
	year = {2010},
	issn = {1161-0301},
	doi = {https://doi.org/10.1016/j.eja.2009.11.005},
	url = {https://www.sciencedirect.com/science/article/pii/S1161030109001191},
	author = {N. Colbach and D.A.G. Kurstjens and N.M. Munier-Jolain and A. Dalbiès and T. Doré},
	keywords = {Cropping system, Weed dynamics, Model, Mechanical weeding, Grassland, Integrated crop protection},
}

@misc{cordeau:hal-01604468,
	TITLE = {{La nuisibilit{\'e} directe des adventices en grandes cultures : quelles r{\'e}ponses nous apportent les essais d{\'e}sherbages ?}},
	AUTHOR = {cordeau, St{\'e}phane and Dessaint, Fabrice and Deneuil, C. and Bonin, Ludovic and Vuillemin, F. and Delattre, Marc and Alain, Rodriguez and Guillemin, Jean-Philippe and Chauvel, Bruno},
	URL = {https://hal.archives-ouvertes.fr/hal-01604468},
	NOTE = {Poster - SPEEAGESTADAGROSUPINRA},
	HOWPUBLISHED = {{23. Conf{\'e}rence du COLUMA - Journ{\'e}es Internationales sur la Lutte contre les Mauvaises Herbes}},
	PUBLISHER = {{AFPP - Association Fran{\c c}aise de Protection des Plantes}},
	PAGES = {11-22},
	YEAR = {2016},
	MONTH = Dec,
	KEYWORDS = {perte de rendement ; efficacit{\'e} de d{\'e}sherbage ; essais d{\'e}sherbage ; bl{\'e} ; colza ; tournesol ; competition ; yield loss ; weeding trial ; wheat ; oilseed rape ; sunflower},
	HAL_ID = {hal-01604468},
	HAL_VERSION = {v1},
}

@article{Wezel2014,
	author = {Wezel, A. and Casagrande, Marion and Celette, Florian and jean-françois, Vian and Ferrer, Aurelie and Peigné, Joséphine},
	year = {2014},
	month = {09},
	pages = {1-20},
	title = {Agroecological practices for sustainable agriculture. A review},
	volume = {34},
	journal = {Agronomy for Sustainable Development},
	doi = {10.1007/s13593-013-0180-7}
}

@article{jonathan-storkey,
	AUTHOR = {Jonathan Storkey, Duncan B Westbury},
	YEAR = {2007},
	TITLE = {Mini-Review Managing arable weeds for biodiversity},
  	JOURNAL = {{Pest Management Science}},
	NUMBER = {63},
	PAGES = {517–523},
}

@Article{bellonmaurel:hal-02373921,
  author              = {Bellon Maurel, V. and HUYGHE, C.},
  title               = {{Digital agriculture, a (r)evolution in progress in the territories? - Foreword}},
  journal             = {{Sciences Eaux \& Territoires }},
  year                = {2019},
  number              = {29},
  pages               = {3-5},
  doi                 = {10.14758/SET-REVUE.2019.3.01},
  url                 = {https://hal.archives-ouvertes.fr/hal-02373921},
  file                = {an2019-pub00062098.pdf:https\://hal.archives-ouvertes.fr/hal-02373921/file/an2019-pub00062098.pdf:PDF},
  hal_id              = {hal-02373921},
  hal_local_reference = {PUB00062098},
  hal_version         = {v1},
  keywords            = {territory ; evolution ; e-agriculture ; TERRITOIRE ; BANQUE DE DONNEES ; EVOLUTION ; NOUVELLES TECHNOLOGIES DE L'INFORMATION ET DE LA COMMUNICATION ; AGRICULTURE CONNECTEE},
  publisher           = {{IRSTEA}},
}

@thesis{JessicaPic,
  TITLE = {Structures paysagères et dynamique spatiale des transferts de sédiments et de polluants associés dans le Beaujolais viticole},
  AUTHOR = {Jessica PIC},
  YEAR = {2022},
}
@Comment{jabref-meta: databaseType:biblatex;}
