% Encoding: UTF-8
@article{day2017earth,
  title={Earth Overshoot Day},
  author={Day, Earth Overshoot},
  journal={Hentet fra https://www. overshootday. org},
  year={2017}
}

@article{meadows1972limits,
  title={The limits to growth},
  author={Meadows, Donella H and Meadows, Dennis L and Randers, Jorgen and Behrens, William W},
  journal={New York},
  volume={102},
  pages={27},
  year={1972}
}

@article{cossart2019erosion,
    title={{\'E}rosion des sols viticoles: influence de la structuration globale du bassin-versant: strategies collectives pour casser l'encha{\^\i}nement des processus {\'e}rosifs},
    author={Cossart, Etienne and Fressard, Mathieu},
    journal={Revue des oenologues et des techniques vitivinicoles et oenologiques: magazine trimestriel d'information professionnelle},
    volume={46},
    number={171},
    pages={24--26},
    year={2019},
    publisher={Bourgogne-Publications}
}

@incollection{jouan:hal-03611906,
    TITLE = {{La recherche pour une agriculture sans pesticides : un cadre disruptif aujourd'hui pour construire les solutions de demain}},
    AUTHOR = {Jouan, Julia and Jacquet, Florence and Huyghe, Christian},
    URL = {https://hal.inrae.fr/hal-03611906},
    BOOKTITLE = {{Z{\'e}ro pesticide : un nouveau paradigme de recherche pour une agriculture durable}},
    PUBLISHER = {{Editions QUAE}},
    YEAR = {2022},
    PDF = {https://hal.inrae.fr/hal-03611906/file/2022_Jacquet%20et%20al._Zero%20Pesticide_Ed.%20Quae.pdf},
    HAL_ID = {hal-03611906},
    HAL_VERSION = {v1},
}

@article{nemery2016carbon,
    title={Carbon, nitrogen, phosphorus, and sediment sources and retention in a small eutrophic tropical reservoir},
    author={N{\'e}mery, J and Gratiot, Nicolas and Doan, PTK and Duvert, C and Alvarado-Villanueva, R and Duwig, C{\'e}line},
    journal={Aquatic sciences},
    volume={78},
    number={1},
    pages={171--189},
    year={2016},
    publisher={Springer}
}

@article{GODDE2021100488,
    title = {Impacts of climate change on the livestock food supply chain; a review of the evidence},
    journal = {Global Food Security},
    volume = {28},
    pages = {100488},
    year = {2021},
    issn = {2211-9124},
    doi = {https://doi.org/10.1016/j.gfs.2020.100488},
    url = {https://www.sciencedirect.com/science/article/pii/S2211912420301413},
    author = {C.M. Godde and D. Mason-D’Croz and D.E. Mayberry and P.K. Thornton and M. Herrero},
    keywords = {Livestock, Climate change, Supply chain, Heat stress, Vulnerability, Risk},
    abstract = {The potential impacts of climate change on current livestock systems worldwide are a major concern, and yet the topic is covered to a limited extent in global reports such as the ones produced by the Intergovernmental Panel on Climate Change. In this article, we review the risk of climate-related impacts along the land-based livestock food supply chain. Although a quantification of the net impacts of climate change on the livestock sector is beyond the reach of our current understanding, there is strong evidence that there will be impacts throughout the supply chain, from farm production to processing operations, storage, transport, retailing and human consumption. The risks of climate-related impacts are highly context-specific but expected to be higher in environments that are already hot and have limited socio-economic and institutional resources for adaptation. Large uncertainties remain as to climate futures and the exposure and responses of the interlinked human and natural systems to climatic changes over time. Consequently, adaptation choices will need to account for a wide range of possible futures, including those with low probability but large consequences.}
}

@Article{app11135911,
    AUTHOR = {Martos, Vanesa and Ahmad, Ali and Cartujo, Pedro and Ordoñez, Javier},
    TITLE = {Ensuring Agricultural Sustainability through Remote Sensing in the Era of Agriculture 5.0},
    JOURNAL = {Applied Sciences},
    VOLUME = {11},
    YEAR = {2021},
    NUMBER = {13},
    ARTICLE-NUMBER = {5911},
    URL = {https://www.mdpi.com/2076-3417/11/13/5911},
    ISSN = {2076-3417},
    ABSTRACT = {Timely and reliable information about crop management, production, and yield is considered of great utility by stakeholders (e.g., national and international authorities, farmers, commercial units, etc.) to ensure food safety and security. By 2050, according to Food and Agriculture Organization (FAO) estimates, around 70% more production of agricultural products will be needed to fulfil the demands of the world population. Likewise, to meet the Sustainable Development Goals (SDGs), especially the second goal of “zero hunger”, potential technologies like remote sensing (RS) need to be efficiently integrated into agriculture. The application of RS is indispensable today for a highly productive and sustainable agriculture. Therefore, the present study draws a general overview of RS technology with a special focus on the principal platforms of this technology, i.e., satellites and remotely piloted aircrafts (RPAs), and the sensors used, in relation to the 5th industrial revolution. Nevertheless, since 1957, RS technology has found applications, through the use of satellite imagery, in agriculture, which was later enriched by the incorporation of remotely piloted aircrafts (RPAs), which is further pushing the boundaries of proficiency through the upgrading of sensors capable of higher spectral, spatial, and temporal resolutions. More prominently, wireless sensor technologies (WST) have streamlined real time information acquisition and programming for respective measures. Improved algorithms and sensors can, not only add significant value to crop data acquisition, but can also devise simulations on yield, harvesting and irrigation periods, metrological data, etc., by making use of cloud computing. The RS technology generates huge sets of data that necessitate the incorporation of artificial intelligence (AI) and big data to extract useful products, thereby augmenting the adeptness and efficiency of agriculture to ensure its sustainability. These technologies have made the orientation of current research towards the estimation of plant physiological traits rather than the structural parameters possible. Futuristic approaches for benefiting from these cutting-edge technologies are discussed in this study. This study can be helpful for researchers, academics, and young students aspiring to play a role in the achievement of sustainable agriculture.},
    DOI = {10.3390/app11135911}
}

@article{TANG2021105895,
    title = {A survey on the 5G network and its impact on agriculture: Challenges and opportunities},
    journal = {Computers and Electronics in Agriculture},
    volume = {180},
    pages = {105895},
    year = {2021},
    issn = {0168-1699},
    doi = {https://doi.org/10.1016/j.compag.2020.105895},
    url = {https://www.sciencedirect.com/science/article/pii/S0168169920331008},
    author = {Yu Tang and Sathian Dananjayan and Chaojun Hou and Qiwei Guo and Shaoming Luo and Yong He},
    keywords = {5G, Precision farming, IoT, Smart agriculture},
    abstract = {Over the next decade, the superfast 5G network will play a critical role in farming industries to improve the yields and quality of crops while using minimal labor. Smart and precision farming allows farmers to be more informed and productive. The advent of 5G will considerably change the nature of jobs in farming and agriculture. The internet of things (IoT)-based cloud computing service in the 5G network provides flexible and efficient solutions for smart farming. This will allow the automated operation of various unmanned agricultural machines for the plowing, planting, and management phases of crop farming and will ultimately achieve secure, reliable, environmentally friendly, and energy-efficient operations and enable unmanned farms. This paper provides a complete survey on 5G technology in the agricultural sector and discusses the need for and role of smart and precision farming; benefits of 5G; applications of 5G in precision farming such as real-time monitoring, virtual consultation and predictive maintenance, data analytics and cloud repositories; and future prospects.}
}

@article{saddik2022computer,
    title={Computer development based embedded systems in precision agriculture: tools and application},
    author={Saddik, Amine and Latif, Rachid and El Ouardi, Abdelhafid and Elhoseny, Mohamed and Khelifi, Adel},
    journal={Acta Agriculturae Scandinavica, Section B—Soil \& Plant Science},
    pages={1--23},
    year={2022},
    publisher={Taylor \& Francis}
}

@incollection{haan2021designing,
    title={Designing agricultural landscapes for arthropod-based ecosystem services in North America},
    author={Haan, Nathan L and Iuliano, Benjamin G and Gratton, Claudio and Landis, Douglas A},
    booktitle={Advances in Ecological Research},
    volume={64},
    pages={191--250},
    year={2021},
    publisher={Elsevier}
}

@inproceedings{pic2022mais,
    title={Mais o{\`u} va donc toute cette terre? Transferts s{\'e}dimentaires \& structure spatiale des r{\'e}seaux de drainage sur les versants du Beaujolais viticole},
    author={Pic, Jessica and Cossart, Etienne and Fressard, Mathieu},
    booktitle={Th{\'e}o Quant-Nouvelles approches en G{\'e}ographie Th{\'e}orique et Quantitative},
    year={2022}
}

@phdthesis{tournebize2020,
    TITLE = {{L'ing{\'e}nierie {\'e}cologique au service de la qualit{\'e} de l'eau}},
    AUTHOR = {Tournebize, Julien},
    URL = {https://hal.inrae.fr/tel-02933772},
    SCHOOL = {{Sorobonne Universit{\'e}}},
    YEAR = {2020},
    MONTH = Oct,
    KEYWORDS = {continental hydrosystems ; agricultural subsurface drainage ; water resources ; non point source pollution ; experimentation ; modeling ; hydrology ; ecological engineering ; ecosystem services ; hydrosyst{\`e}mes continentaux ; drainage agricole ; ressource en eau ; pollution diffuse ; exp{\'e}rimentation ; mod{\'e}lisation ; hydrologie ; ing{\'e}nierie {\'e}cologique ; services {\'e}cosyst{\'e}miques},
    TYPE = {Habilitation {\`a} diriger des recherches},
    PDF = {https://hal.inrae.fr/tel-02933772/file/M%C3%A9moire%20HDR%20Tournebize%20octobre%202018.pdf},
    HAL_ID = {tel-02933772},
    HAL_VERSION = {v1},
}

@article{jiang2020convolutional,
    title={Convolutional neural networks for image-based high-throughput plant phenotyping: a review},
    author={Jiang, Yu and Li, Changying},
    journal={Plant Phenomics},
    volume={2020},
    year={2020},
    publisher={Science Partner Journal}
}

@article{cabrera2012high,
    title={High-throughput phenotyping and genomic selection: The frontiers of crop breeding converge F},
    author={Cabrera-Bosquet, Lloren{\c{c}} and Crossa, Jos{\'e} and von Zitzewitz, Jarislav and Serret, Mar{\'\i}a Dolors and Luis Araus, Jos{\'e}},
    journal={Journal of integrative plant biology},
    volume={54},
    number={5},
    pages={312--320},
    year={2012},
    publisher={Wiley Online Library}
}

@article{maudouit2019systematic,
    title={Systematic review of the impact of chlordecone on human health in the French West Indies},
    author={Maudouit, Margaux and Rochoy, Micha{\"e}l},
    journal={Therapie},
    volume={74},
    number={6},
    pages={611--625},
    year={2019}
}

@article{DUBUISSON20075,
    title = {Impact of subsistence production on the management options to reduce the food exposure of the Martinican population to Chlordecone},
    journal = {Regulatory Toxicology and Pharmacology},
    volume = {49},
    number = {1},
    pages = {5-16},
    year = {2007},
    issn = {0273-2300},
    doi = {https://doi.org/10.1016/j.yrtph.2007.04.008},
    url = {https://www.sciencedirect.com/science/article/pii/S027323000700061X},
    author = {Carine Dubuisson and Fanny Héraud and Jean-Charles Leblanc and Sophie Gallotti and Claude Flamand and Alain Blateau and Philippe Quenel and Jean-Luc Volatier},
    keywords = {Chlordecone, Organochlorine pesticide, Dietary pesticide exposure, Food supplies, Risk management},
    abstract = {Chlordecone is an organochlorine insecticide used until 1993 in the banana plantations of the French Antilles. Recent surveys revealed its wide presence in the environment. This current paper focuses on the impact of different management options on the Martinican population’s food exposure, taking into account that an appreciable part of the food consumed in Martinique corresponds to subsistence production. Food exposure is assessed through deterministic models. Consumption data derive from the ESCAL Survey on 1814 subjects aged 3 and over. Residues data come from the Monitoring Programs 2002–2004. Different scenarios are studied depending on whether the subjects live on a soil-contaminated place or not and on their supply habits. The impact of various maximum limits is then analysed. The probability of exceeding the chronic health-based guidance value (CHGV) of 0.5μg/kgbw/day is, respectively, 20.9% (CI95th [6.2; 34.4]) and 15.6% (CI95th [9.6; 20.8]) for children and adults living in a soil-contaminated area and null for the remaining population. MLs below 300μg/kgfw would reduce significantly the exposure but the probability of exceeding the CHGV remains statistically different from zero when only commercialised products are taken into account. This study shows the supply habits may have significant impacts on food exposure to contaminants. It reveals that setting MLs, which can only be controlled on commercialised products, is not enough in such situations. Other management options like consumption recommendations for self-produced foodstuffs are necessary to protect the Martinican consumer.}
}

@article{Mikhail2013,
    author = {Mikhail A. Beketov  and Ben J. Kefford  and Ralf B. Schäfer  and Matthias Liess },
    title = {Pesticides reduce regional biodiversity of stream invertebrates},
    journal = {Proceedings of the National Academy of Sciences},
    volume = {110},
    number = {27},
    pages = {11039-11043},
    year = {2013},
    doi = {10.1073/pnas.1305618110},
    URL = {https://www.pnas.org/doi/abs/10.1073/pnas.1305618110},
    eprint = {https://www.pnas.org/doi/pdf/10.1073/pnas.1305618110},
    abstract = { The biodiversity crisis is one of the greatest challenges facing humanity, but our understanding of the drivers remains limited. Thus, after decades of studies and regulation efforts, it remains unknown whether to what degree and at what concentrations modern agricultural pesticides cause regional-scale species losses. We analyzed the effects of pesticides on the regional taxa richness of stream invertebrates in Europe (Germany and France) and Australia (southern Victoria). Pesticides caused statistically significant effects on both the species and family richness in both regions, with losses in taxa up to 42\% of the recorded taxonomic pools. Furthermore, the effects in Europe were detected at concentrations that current legislation considers environmentally protective. Thus, the current ecological risk assessment of pesticides falls short of protecting biodiversity, and new approaches linking ecology and ecotoxicology are needed. }
}

@article{MCLAUGHLIN1995201,
    title = {The impact of agricultural practices on biodiversity},
    journal = {Agriculture, Ecosystems \& Environment},
    volume = {55},
    number = {3},
    pages = {201-212},
    year = {1995},
    issn = {0167-8809},
    doi = {https://doi.org/10.1016/0167-8809(95)00609-V},
    url = {https://www.sciencedirect.com/science/article/pii/016788099500609V},
    author = {Alison McLaughlin and Pierre Mineau},
    keywords = {Biodiversity, Tillage, Drainage, Intercropping, Rotation, Grazing, Pesticides, Fertilizers},
    abstract = {Agricultural activities such as tillage, drainage, intercropping, rotation, grazing and extensive usage of pesticides and fertilizers have significant implications for wild species of flora and fauna. Species capable of adapting to the agricultural landscape may be limited directly by the disturbance regimes of grazing, planting and harvesting, and indirectly by the abundance of plant and insect foods available. Some management techniques, such as drainage, create such fundamental habitat changes that there are significant shifts in species composition. This paper considers the relative merits of conventional tillage versus reduced, or no-till farming, and reviews the benefits of rest-rotation grazing, crop rotation and intercropping in terms of maintaining wild species populations. There are a number of undesirable environmental impacts associated with fertilizer and pesticide usage, and in this paper we attempt to provide an account of the ways in which these inputs impact on biodiversity at various levels including plant, invertebrate, and vertebrate groups. Factors which are considered include the mobility, trophic interactions, persistence, and spectrum of toxicity for various pesticides. The ecological virtues of organic and inorganic fertilizers are compared, and the problems arising from excessive use of fertilizer are discussed. The findings in this review indicate that chemical fertilizer loadings must be better budgeted to not exceed local needs, and that pesticide inputs should be reduced to a minimum. The types and regimes of disturbance due to mechanical operations associated with agricultural activity may also be modified to help reduce negative impacts on particular groups of species, such as birds. For those plant and insect species which need to be controlled for agronomic reasons, the population decreases brought about by disturbance regimes may be desirable as a form of pest management. The prevalence of agriculture over such a large portion of the Canadian landscape means that it is important that we find solutions to conflicts that arise between agriculture and wild species. It is important to realize that the impact of agricultural inputs varies greatly among regions and species, and actual effects have generally not been investigated for many species in any one locality; while the focus of this review is on Canada, much Canadian-specific research is lacking, thus, this review also draws from relevant research done elsewhere.}
}

@article{vanderwerf1997,
    TITLE = {{Evaluer l'impact des pesticides sur l'environnement}},
    AUTHOR = {Van Der Werf, Hayo M.G.},
    URL = {https://hal.archives-ouvertes.fr/hal-01204849},
    JOURNAL = {{Le Courrier de l'environnement de l'INRA}},
    PUBLISHER = {{Paris : Institut national de la recherche agronomique . D{\'e}l{\'e}gation permanente {\`a} l'environnement}},
    VOLUME = {31},
    NUMBER = {31},
    PAGES = {5-22},
    YEAR = {1997},
    MONTH = Aug,
    HAL_ID = {hal-01204849},
    HAL_VERSION = {v1},
}

@article{Pesce2021,
    TITLE = {{Scientific literature survey: impacts of pesticides on biodiversity and ecosystem services}},
    AUTHOR = {Pesce, St{\'e}phane and Mamy, Laure and Achard, Anne Laure and Le Gall, Morgane and Le Perchec, Sophie and Rechauch{\`e}re, Olivier and Tibi, Ana{\"i}s and Leenhardt, Sophie and Sanchez, Wilfried},
    URL = {https://hal.inrae.fr/hal-03266013},
    JOURNAL = {{Environmental Science and Pollution Research}},
    PUBLISHER = {{Springer Verlag}},
    PAGES = {7 p.},
    YEAR = {2021},
    DOI = {10.1007/s11356-021-14863-w},
    KEYWORDS = {Expertise ; Transfer of knowledge ; Pesticide ; Biocontrol ; Ecological risk assessment},
    HAL_ID = {hal-03266013},
    HAL_VERSION = {v1},
}

@article{bianchi2006sustainable,
    title={Sustainable pest regulation in agricultural landscapes: a review on landscape composition, biodiversity and natural pest control},
    author={Bianchi, Felix JJA and Booij, CJH and Tscharntke, Teja},
    journal={Proceedings of the Royal Society B: Biological Sciences},
    volume={273},
    number={1595},
    pages={1715--1727},
    year={2006},
    publisher={The Royal Society London}
}

@inproceedings{cornet:hal-02791432,
    TITLE = {{Recent advances in yam crop physiology and perspectives for breeding strategies}},
    AUTHOR = {CORNET, Denis and Cormier, Fabien and Arnau, Gemma and Mell, Pauline and Pavis, Claude and Desfontaines, Lucienne and Tournebize, R{\'e}gis},
    URL = {https://hal.inrae.fr/hal-02791432},
    BOOKTITLE = {{2. International Yam Crop Science Workshop (IYCSW)}},
    ADDRESS = {Tokyo, Japan},
    ORGANIZATION = {{Tokyo University of Agriculture (Tokyo NODAI). Tokyo, JPN.}},
    YEAR = {2018},
    MONTH = Mar,
    KEYWORDS = {igname},
    HAL_ID = {hal-02791432},
    HAL_VERSION = {v1},
}

@mastersthesis{lefloch2018premiere,
    title={Une premi{\`e}re approche analytique des services {\'e}cosyst{\'e}miques des {\'e}levages en race Cr{\'e}ole bovine, caprine et porcine de Guadeloupe},
    author={Lefloch, Corentin},
    year={2018},
    school={Ecole Sup{\'e}rieure d’Agro-D{\'e}veloppement International (ISTOM), FRA, FRA.}
}

@mastersthesis{perrette2018services,
    title={Services {\'e}cosyst{\'e}miques de l'{\'e}levage en Guadeloupe: approche exploratoire},
    author={Perrette, Jessica},
    year={2018},
    school={Supagro/INRA; INRA; Unit{\'e} de Recherches Zootechniques (URZ)}
}

@article{bedos2002mass,
    title={Mass transfer of pesticides into the atmosphere by volatilization from soils and plants: overview},
    author={Bedos, Carole and Cellier, Pierre and Calvet, Raoul and Barriuso, Enrique and Gabrielle, Beno{\^\i}t},
    journal={Agronomie},
    volume={22},
    number={1},
    pages={21--33},
    year={2002},
    publisher={EDP Sciences}
}

@article{grozinger2019bee,
    title={Bee viruses: Ecology, pathogenicity, and impacts},
    author={Grozinger, Christina M and Flenniken, Michelle L},
    journal={Annual review of entomology},
    volume={64},
    pages={205--226},
    year={2019},
    publisher={Annual Reviews}
}

@article{wood2020managed,
    title={Managed honey bees as a radar for wild bee decline?},
    author={Wood, Thomas James and Michez, Denis and Paxton, Robert John and Drossart, Maxime and Neumann, Peter and Gerard, Maxence and Vanderplanck, Maryse and Barraud, Alexandre and Martinet, Baptiste and Leclercq, Nicolas and others},
    journal={Apidologie},
    volume={51},
    number={6},
    pages={1100--1116},
    year={2020},
    publisher={Springer}
}

@article{aubertot2005pesticides,
    title={Pesticides, agriculture et environnement},
    author={Aubertot, Jean-Noel and Barbier, Jean Marc and Carpentier, Alain and Gril, Jean-Jo{\"e}l and Guichard, Laurence and Lucas, Philippe and Savary, Serge and Savini, I and Voltz, M},
    journal={R{\'e}duire l’utilisation des pesticides et en limiter les impacts environnementaux. Rapport d’expertise scientifique collective, INRA et Cemagref (France)},
    year={2005}
}

@article{GEIGER201097,
    title = {Persistent negative effects of pesticides on biodiversity and biological control potential on European farmland},
    journal = {Basic and Applied Ecology},
    volume = {11},
    number = {2},
    pages = {97-105},
    year = {2010},
    issn = {1439-1791},
    doi = {https://doi.org/10.1016/j.baae.2009.12.001},
    url = {https://www.sciencedirect.com/science/article/pii/S1439179109001388},
    author = {Flavia Geiger and Jan Bengtsson and Frank Berendse and Wolfgang W. Weisser and Mark Emmerson and Manuel B. Morales and Piotr Ceryngier and Jaan Liira and Teja Tscharntke and Camilla Winqvist and Sönke Eggers and Riccardo Bommarco and Tomas Pärt and Vincent Bretagnolle and Manuel Plantegenest and Lars W. Clement and Christopher Dennis and Catherine Palmer and Juan J. Oñate and Irene Guerrero and Violetta Hawro and Tsipe Aavik and Carsten Thies and Andreas Flohre and Sebastian Hänke and Christina Fischer and Paul W. Goedhart and Pablo Inchausti},
    keywords = {Agricultural intensification, Organic farming, Agri-environment schemes, Vascular plants, Carabids, Birds},
    abstract = {During the last 50 years, agricultural intensification has caused many wild plant and animal species to go extinct regionally or nationally and has profoundly changed the functioning of agro-ecosystems. Agricultural intensification has many components, such as loss of landscape elements, enlarged farm and field sizes and larger inputs of fertilizer and pesticides. However, very little is known about the relative contribution of these variables to the large-scale negative effects on biodiversity. In this study, we disentangled the impacts of various components of agricultural intensification on species diversity of wild plants, carabids and ground-nesting farmland birds and on the biological control of aphids. In a Europe-wide study in eight West and East European countries, we found important negative effects of agricultural intensification on wild plant, carabid and bird species diversity and on the potential for biological pest control, as estimated from the number of aphids taken by predators. Of the 13 components of intensification we measured, use of insecticides and fungicides had consistent negative effects on biodiversity. Insecticides also reduced the biological control potential. Organic farming and other agri-environment schemes aiming to mitigate the negative effects of intensive farming on biodiversity did increase the diversity of wild plant and carabid species, but – contrary to our expectations – not the diversity of breeding birds. We conclude that despite decades of European policy to ban harmful pesticides, the negative effects of pesticides on wild plant and animal species persist, at the same time reducing the opportunities for biological pest control. If biodiversity is to be restored in Europe and opportunities are to be created for crop production utilizing biodiversity-based ecosystem services such as biological pest control, there must be a Europe-wide shift towards farming with minimal use of pesticides over large areas.
    Zusammenfassung
    Durch die Intensivierung der Landwirtschaft in den letzten 50 Jahren sind viele Pflanzen- und Tierarten auf regionaler und nationaler Ebene ausgestorben und ist die Funktion des Agrarökosystems beeinträchtigt. Die landwirtschaftliche Intensivierung umfasst viele verschiedene Faktoren, wie zum Beispiel die Homogenisierung der Landschaft, die Vergrößerung von landwirtschaftlichen Betrieben und Äckern und den zunehmenden Gebrauch von Düngern und Pestiziden. Über den relativen Beitrag der einzelnen Faktoren zu den weitgehenden Auswirkungen der Intensivierung auf die Biodiversität ist jedoch wenig bekannt. In dieser Studie haben wir den Einfluss dieser verschiedenen Faktoren auf die Diversität von Pflanzen, Laufkäfern und bodenbrütenden Ackervögeln sowie auf die biologische Schädlingsbekämpfung von Blattläusen, entwirrt. In einer europaweiten Studie, in acht West- und Ost-Europäischen Ländern, haben wir weitgehende, negative Effekte der landwirtschaftlichen Intensivierung auf Pflanzen, Laufkäfer, bodenbrütende Ackervögel und die biologische Schädlingsbekämpfung - die Anzahl durch natürliche Feinde gefressener Blattläuse - gefunden. Von den dreizehn Faktoren der landwirtschaftlichen Intensivierung die wir gemessen haben, hatte der Gebrauch von Insektiziden und Fungiziden konsequent negative Effekte auf die Biodiversität. Insektizide reduzierten ebenfalls die biologische Schädlingsbekämpfung. Organische Bewirtschaftung und andere Formen von Ökologischem Ausgleich, die zum Ziel haben, die negativen Effekte der Intensivierung auf Biodiversität abzuschwächen, erhöhten die Pflanzen- und Laufkäferdiversität, jedoch – entgegen unseren Erwartungen - nicht die Diversität der Brutvögel. Wir stellen fest, dass trotz jahrzehntelanger europäischer Politik gegen schädliche Pestizide, die negativen Auswirkungen von Pestiziden auf Pflanzen- und Tierarten andauern und damit auch die Möglichkeit biologischer Schädlingsbekämpfung abnimmt. Wenn die Biodiversität in Europa erhalten werden soll und die Chance auf biodiversitätsgebundenen Ökosystemfunktionen, wie biologische Schädlingsbekämpfung, beruhenden Ackerbau geschaffen werden soll, ist eine europaweite Veränderung zu einer Bewirtschaftung mit minimalem Gebrauch von Pestiziden über eine große Fläche notwendig.}
}

@article{Green2021,
    author = {Green, Arthur G. and Abdulai, Abdul-Rahim and Duncan, Emily and Glaros, Alesandros and Campbell, Malcolm and Newell, Rob and Quarshie, Philip and KC, Krishna Bahadur and Newman, Lenore and Nost, Eric and Fraser, Evan D. G.},
    title = {A scoping review of the digital agricultural revolution and ecosystem services: implications for Canadian policy and research agendas},
    journal = {FACETS},
    volume = {6},
    number = {},
    pages = {1955-1985},
    year = {2021},
    doi = {10.1139/facets-2021-0017},
    URL = { https://doi.org/10.1139/facets-2021-0017 },
    eprint = { https://doi.org/10.1139/facets-2021-0017 },
    abstract = { The application of technologies such as artificial intelligence, robotics, blockchain, cellular agriculture, and big data analytics to food systems has been described as a digital agricultural revolution with the potential to increase food security and reduce agriculture’s environmental footprint. Yet, the scientific evidence informing how these technologies may impact or enhance ecosystem services has not been comprehensively reviewed. In this scoping review, we examine how digital agricultural technologies may enhance agriculture’s support of ecosystem services. Keyword searches in academic databases resulted in 2337 records, of which 74 records met review criteria and were coded. We identify three clusters of digital agricultural technologies including those that make farm management more precise, increase connectivity, and create novel foods. We then examine modelling and empirical evidence gaps in research linking these technologies to ecosystem services. Finally, we overview barriers to implementing digital agricultural technologies for better ecosystem services management in the Canadian context including economic and political systems; lack of policies on data management, governance, and cybersecurity; and limited training and human resources that prevents producers from fully utilizing these technologies. }
}

@article{Lamarque2014,
    doi = {10.1371/journal.pone.0107572},
    author = {Lamarque, Pénélope AND Meyfroidt, Patrick AND Nettier, Baptiste AND Lavorel, Sandra},
    journal = {PLOS ONE},
    publisher = {Public Library of Science},
    title = {How Ecosystem Services Knowledge and Values Influence Farmers' Decision-Making},
    year = {2014},
    month = {09},
    volume = {9},
    url = {https://doi.org/10.1371/journal.pone.0107572},
    pages = {1-16},
    abstract = {The ecosystem services (ES) concept has emerged and spread widely recently, to enhance the importance of preserving ecosystems through global change in order to maintain their benefits for human well-being. Numerous studies consider various dimensions of the interactions between ecosystems and land use via ES, but integrated research addressing the complete feedback loop between biodiversity, ES and land use has remained mostly theoretical. Few studies consider feedbacks from ecosystems to land use systems through ES, exploring how ES are taken into account in land management decisions. To fill this gap, we carried out a role-playing game to explore how ES cognition mediates feedbacks from environmental change on farmers' behaviors in a mountain grassland system. On a close to real landscape game board, farmers were faced with changes in ES under climatic and socio-economic scenarios and prompted to plan for the future and to take land management decisions as they deemed necessary. The outcomes of role-playing game were complemented with additional agronomic and ecological data from interviews and fieldwork. The effects of changes in ES on decision were mainly direct, i.e. not affecting knowledge and values, when they constituted situations with which farmers were accustomed. For example, a reduction of forage quantity following droughts led farmers to shift from mowing to grazing. Sometimes, ES cognitions were affected by ES changes or by external factors, leading to an indirect feedback. This happened when fertilization was stopped after farmers learned that it was inefficient in a drought context. Farmers' behaviors did not always reflect their attitudes towards ES because other factors including topographic constraints, social value of farming or farmer individual and household characteristics also influenced land-management decisions. Those results demonstrated the interest to take into account the complete feedback loop between ES and land management decisions to favor more sustainable ES management.},
    number = {9},
    
}

@article{Birner2021,
    author = {Birner, Regina and Daum, Thomas and Pray, Carl},
    title = {Who drives the digital revolution in agriculture? A review of supply-side trends, players and challenges},
    journal = {Applied Economic Perspectives and Policy},
    volume = {43},
    number = {4},
    pages = {1260-1285},
    keywords = {agribusiness, digital agriculture, innovation},
    doi = {https://doi.org/10.1002/aepp.13145},
    url = {https://onlinelibrary.wiley.com/doi/abs/10.1002/aepp.13145},
    eprint = {https://onlinelibrary.wiley.com/doi/pdf/10.1002/aepp.13145},
    abstract = {Abstract Digital agriculture offers far-reaching opportunities for accelerating agricultural transformation. Based on empirical evidence and guided by economic theory, this study shows that digital agriculture is driven by private firms, including established input firms and global software firms and start-ups that are new to agriculture. Although there are concerns that digital agriculture will enhance the market power of large agribusiness enterprises and increase the digital divide, a combination of new actors and public action can help accelerate the supply of digital agricultural technology, manage threats of market concentration, and harness the opportunities of digital agriculture for all.},
    year = {2021}
}

@article{scheelbeek2017effect,
    title={Effect of environmental change on yield and quality of fruits and vegetables: two systematic reviews and projections of possible health effects},
    author={Scheelbeek, Pauline FD and Tuomisto, Hanna L and Bird, Frances A and Haines, Andy and Dangour, Alan D},
    journal={The Lancet Global Health},
    volume={5},
    pages={S21},
    year={2017},
    publisher={Elsevier}
}

@article{Modica2016,
    author = {Modica, Marco and Zoboli, Roberto},
    year = {2016},
    month = {02},
    pages = {59-62},
    title = {Vulnerability, resilience, hazard, risk, damage, and loss: A socio-ecological framework for natural disaster analysis},
    volume = {16},
    journal = {Web Ecology},
    doi = {10.5194/we-16-59-2016}
}

@article{dufour2009myth,
    title={From the myth of a lost paradise to targeted river restoration: forget natural references and focus on human benefits},
    author={Dufour, Simon and Pi{\'e}gay, Herv{\'e}},
    journal={River research and applications},
    volume={25},
    number={5},
    pages={568--581},
    year={2009},
    publisher={Wiley Online Library}
}

@article{ANTHONY2012268,
    title = {Coastal engineering and large-scale mangrove destruction in Guyana, South America: Averting an environmental catastrophe in the making},
    journal = {Ecological Engineering},
    volume = {47},
    pages = {268-273},
    year = {2012},
    issn = {0925-8574},
    doi = {https://doi.org/10.1016/j.ecoleng.2012.07.005},
    url = {https://www.sciencedirect.com/science/article/pii/S092585741200256X},
    author = {Edward J. Anthony and Nicolas Gratiot},
    keywords = {Mangrove destruction, Mangrove restoration, Mud banks, Ecological engineering, Coastal defence, Guyana, South America},
    abstract = {This short communication highlights potential destabilisation of the muddy coast of Guyana, South America, caused by large-scale mangrove destruction. The stability of the coast of Guyana, which is part of one of the world's most extensive mangrove coasts, depends on large mud banks migrating alongshore from the mouth of the Amazon River and on mangrove colonisation of these banks. Under the pressures of economic development, the coastal zone of Guyana is progressively being transformed into agricultural land and aquaculture estates, protected by coastal dikes. These hard coastal defence structures, constructed in recent years, are less effective in dissipating wave energy than mud banks. They also hinder the various processes involved in the consolidation and subsequent mangrove colonisation of these banks, notably by enclosing mature mangrove forests and preventing propagule transport from these forests to mud banks. If unchecked, the progressive breakdown in the mud-bank and associated mangrove system that has led to progradation of the coastal plain of Guyana over the last 5000 years will result in large-scale coastal erosion that can only be countered by further engineering structures at prohibitive costs. The only coastal defence strategy, sound and viable over the long term, with regards to both environmental conservation and cost, consists in restoring a dynamic mud-bank and mangrove system on this wave-exposed coast.}
}

@article{YOUSEFI201655,
    title = {Changes in morphometric meander parameters identified on the Karoon River, Iran, using remote sensing data},
    journal = {Geomorphology},
    volume = {271},
    pages = {55-64},
    year = {2016},
    issn = {0169-555X},
    doi = {https://doi.org/10.1016/j.geomorph.2016.07.034},
    url = {https://www.sciencedirect.com/science/article/pii/S0169555X1630647X},
    author = {Saleh Yousefi and Hamid Reza Pourghasemi and Janet Hooke and Oldrich Navratil and Anna Kidová},
    keywords = {Human impact, Land use, Meander parameters changes, Remote sensing, Karoon River},
    abstract = {River meander dynamics and mobility are important indicators of environmental change related to climate changes and anthropogenic activities at local and river basin scales. The aim of the present study is to identify morphological changes of the Karoon River in Iran using high accuracy maps and Landsat satellite images by analyses during the time period 1989–2008. In this study, 20 meandering reaches were analyzed over a 128-km-long river reach located in the middle part of the Karoon River, Iran. Morphometric indicators such as: river width (W), meander neck length (L), axis length (A), radius of curvature (R), water flow length (S), and sinuosity of meander (C) were extracted for the identified meanders. The results of a paired t-test showed that river width (W) and meander neck length (L) have significantly changed during the study period (1989–2008), with an increase of +3.5m for W and a decrease of 274m for L. Spearman correlation analysis has shown that meander parameter changes are highly correlated to each other. The parameters that do not have significant correlation together are C with W and L, W and L, and L with S and A. During the period of the study, the flow length and river sinuosity decreased for the whole river reach, by 4.77km and 0.11, respectively. Analysis of land use/land cover categories (1989 and 2008) using the support vector machine (SVM) and kernel function method served as one of the tools for interpretation of the meander parameter changes. These changes can be attributed not only to LU/LC (riparian vegetation to agriculture area ratio) but also to dam construction in the upstream part of the river that leads to major hydrological regime and sediment transfer alteration. Sediment extraction may also be an important factor.}
}

@article{kolli2021estimation,
    title={Estimation of soil erosion and sediment yield concentration across the Kolleru Lake catchment using GIS},
    author={Kolli, Meena Kumari and Opp, Christian and Groll, Michael},
    journal={Environmental Earth Sciences},
    volume={80},
    number={4},
    pages={1--14},
    year={2021},
    publisher={Springer}
}

@article{kan2020responses,
    title={Responses of grain yield and water use efficiency of winter wheat to tillage in the North China Plain},
    author={Kan, Zheng-Rong and Liu, Qiu-Yue and He, Cong and Jing, Zhen-Huan and Virk, Ahmad Latif and Qi, Jian-Ying and Zhao, Xin and Zhang, Hai-Lin},
    journal={Field Crops Research},
    volume={249},
    pages={107760},
    year={2020},
    publisher={Elsevier}
}

@article{dos2009crop,
    title={Crop type influences soil aggregation and organic matter under no-tillage},
    author={dos Reis Martins, M{\'a}rcio and Cor{\'a}, Jos{\'e} Eduardo and Jorge, Ricardo Falqueto and Marcelo, Adolfo Valente},
    journal={Soil and Tillage Research},
    volume={104},
    number={1},
    pages={22--29},
    year={2009},
    publisher={Elsevier}
}


@Article{rs11030249,
    AUTHOR = {Rasti, Pejman and Ahmad, Ali and Samiei, Salma and Belin, Etienne and Rousseau, David},
    TITLE = {Supervised Image Classification by Scattering Transform with Application to Weed Detection in Culture Crops of High Density},
    JOURNAL = {Remote Sensing},
    VOLUME = {11},
    YEAR = {2019},
    NUMBER = {3},
    ARTICLE-NUMBER = {249},
    URL = {https://www.mdpi.com/2072-4292/11/3/249},
    ISSN = {2072-4292},
    ABSTRACT = {In this article, we assess the interest of the recently introduced multiscale scattering transform for texture classification applied for the first time in plant science. Scattering transform is shown to outperform monoscale approaches (gray-level co-occurrence matrix, local binary patterns) but also multiscale approaches (wavelet decomposition) which do not include combinatory steps. The regime in which scatter transform also outperforms a standard CNN architecture in terms of data-set size is evaluated (    10 4     instances). An approach on how to optimally design the scatter transform based on energy contrast is provided. This is illustrated on the hard and open problem of weed detection in culture crops of high density from the top view in intensity images. An annotated synthetic data-set available under the form of a data challenge and a simulator are proposed for reproducible science. Scatter transform only trained on synthetic data shows an accuracy of     85 %     when tested on real data.},
    DOI = {10.3390/rs11030249}
}



@article{halweil2007still,
	title={Still No Free Lunch},
	author={Halweil, Brian},
	journal={Worldwatch Institute},
	year={2007},
	publisher={n. September}
}

@article{de2021cancer,
    title={Cancer de la prostate en lien avec les pesticides incluant le chlord{\'e}cone},
    author={de l’Anses, Avis},
    year={2021}
}

@article{machleb2020sensor,
    title={Sensor-based mechanical weed control: Present state and prospects},
    author={Machleb, Jannis and Peteinatos, Gerassimos G and Kollenda, Benjamin L and And{\'u}jar, Dionisio and Gerhards, Roland},
    journal={Computers and electronics in agriculture},
    volume={176},
    pages={105638},
    year={2020},
    publisher={Elsevier}
}

@incollection{PEREZRUIZ2021299,
    title = {Chapter 15 - High-precision GNSS for agricultural operations},
    editor = {George p. Petropoulos and Prashant K. Srivastava},
    booktitle = {GPS and GNSS Technology in Geosciences},
    publisher = {Elsevier},
    pages = {299-335},
    year = {2021},
    isbn = {978-0-12-818617-6},
    doi = {https://doi.org/10.1016/B978-0-12-818617-6.00017-2},
    url = {https://www.sciencedirect.com/science/article/pii/B9780128186176000172},
    author = {Manuel Perez-Ruiz and Jorge Martínez-Guanter and Shrini K. Upadhyaya},
    keywords = {Autonomous tractor, GNSS, Precision agriculture, Site-specific application, UAV},
}

@article{wesson1967light,
    title={Light requirements of buried seeds},
    author={Wesson, G and Wareing, PF},
    journal={Nature},
    volume={213},
    number={5076},
    pages={600--601},
    year={1967},
    publisher={Nature Publishing Group}
}

@incollection{bajwa2019sustainable,
    title={Sustainable weed management},
    author={Bajwa, Ali Ahsan and Khan, Muhammad Jamal and Bhowmik, Prasanta Chitta and Walsh, Michael and Chauhan, Bhagirath Singh},
    booktitle={Innovations in Sustainable Agriculture},
    pages={249--286},
    year={2019},
    publisher={Springer}
}

@article{lemtiri2016crop,
    title={Crop residue management in arable cropping systems under temperate climate. Part 1: Soil biological and chemical (phosphorus and nitrogen) properties. A review},
    author={Lemtiri, Aboulkacem and Degrune, Florine and Barbieux, Sophie and Hiel, Marie-Pierre and Ch{\'e}lin, Marie and Parvin, Nargish and Vandenbol, Micheline and Francis, Fr{\'e}d{\'e}ric and Colinet, Gilles},
    journal={Biotechnologie, Agronomie, Soci{\'e}t{\'e} et Environnement},
    year={2016},
    publisher={Presses Agronomiques de Gembloux}
}

@incollection{altieri1999ecological,
	title={The ecological role of biodiversity in agroecosystems},
	author={Altieri, Miguel A},
	booktitle={Invertebrate biodiversity as bioindicators of sustainable landscapes},
	pages={19--31},
	year={1999},
	publisher={Elsevier}
}

@book{altieri2018agroecology,
	title={Agroecology: the science of sustainable agriculture},
	author={Altieri, Miguel A},
	year={2018},
	publisher={CRC Press}
}

@phdthesis{federau2016philosophie,
	title={Philosophie de l'Anthropoc{\`e}ne: interpr{\'e}tations et {\'e}pist{\'e}mologie},
	author={Federau, Alexander},
	year={2016},
	school={{\'e}diteur non identifi{\'e}}
}

@article{perrier2013anthropocene,
	title={L’Anthropoc{\`e}ne et ses victimes. Une r{\'e}flexion terminologique, La g{\'e}opolitique de l’Arctique: sous le signe de la coop{\'e}ration, Les r{\'e}gimes internationaux de l’environnement, La trag{\'e}die des communaux,{\guillemotleft}Soft power{\guillemotright}. Sens et usages d'un concept incertain, Le retour de la revendication maritime bolivienne, La remise en cause des accords de Schengen, Fronti{\`e}res maritimes dans l’Arctique: le droit de la mer est-il un cadre applicable?, Les enjeux politiques autour des fronti{\`e}res maritimes},
	author={Perrier-Brusl{\'e}, Laetitia and others},
	year={2013},
	publisher={CERISCOPE}
}

@phdthesis{loiret:tel-01306180,
	TITLE = {{Le Bilan {\'e}cologique. Mesurer la perturbation anthropog{\'e}nique de l'Ecosph{\`e}re et de la Biosph{\`e}re (un bilan de l'Anthropoc{\`e}ne). Caract{\'e}riser les voies du D{\'e}veloppement {\'e}cologique des territoires.}},
	AUTHOR = {Loiret, Richard},
	URL = {https://hal.archives-ouvertes.fr/tel-01306180},
	NUMBER = {2016SACLV001},
	SCHOOL = {{Universit{\'e} Paris-Saclay}},
	YEAR = {2016},
	MONTH = Jan,
	KEYWORDS = {Distance of the living to the thermodynamic equilibrium ; Exergy and Biogeochemical energy ; Measurement of biological and structural diversity ; Ecosystem thermodynamic balance sheet ; Ecological Assets and Liabilities ; Ecological balance sheet ; Exergie et Energie biog{\'e}ochimique ; Bilan {\'e}cologique ; Actif et Passif {\'e}cologiques ; Bilan thermodynamique d'un {\'e}cosyst{\`e}me ; Mesure de la diversit{\'e} biologique et structurale ; Distance {\`a} l'{\'e}quilibre thermodynamique du vivant},
	TYPE = {Theses},
	PDF = {https://hal.archives-ouvertes.fr/tel-01306180/file/LE%20BILAN%20ECOLOGIQUE%20-%20THESE%20RICHARD%20LOIRET%20VDEF%20DEPOSEE.pdf},
	HAL_ID = {tel-01306180},
	HAL_VERSION = {v1},
}

@article{pierce1999aspects,
	title={Aspects of precision agriculture},
	author={Pierce, Francis J and Nowak, Peter},
	journal={Advances in agronomy},
	volume={67},
	pages={1--85},
	year={1999},
	publisher={Elsevier}
}

@article{mcbratney2005future,
	title={Future directions of precision agriculture},
	author={McBratney, Alex and Whelan, Brett and Ancev, Tihomir and Bouma, Johan},
	journal={Precision agriculture},
	volume={6},
	number={1},
	pages={7--23},
	year={2005},
	publisher={Springer}
}

@article{myers2016concerns,
	title={Concerns over use of glyphosate-based herbicides and risks associated with exposures: a consensus statement},
	author={Myers, John Peterson and Antoniou, Michael N and Blumberg, Bruce and Carroll, Lynn and Colborn, Theo and Everett, Lorne G and Hansen, Michael and Landrigan, Philip J and Lanphear, Bruce P and Mesnage, Robin and others},
	journal={Environmental Health},
	volume={15},
	number={1},
	pages={1--13},
	year={2016},
	publisher={BioMed Central}
}

@book{boissinot2014terres,
	title={Terres de bocage: concilier nature et agriculture},
	author={Boissinot, Alexandre and Braconnier, H{\'e}l{\`e}ne and Braconnier, Jean-Claude and Braconnier, Hugo and Braconnier, Nathan and Morin-Pinaud, Sophie and Grillet, Pierre},
	year={2014},
	publisher={Editions Ouest-France}
}

@article{taylor2005general,
	title={A general introduction to precision agriculture},
	author={Taylor, James and Whelan, Brett},
	journal={Australian Center for Precision Agriculture},
	year={2005}
}


@inproceedings{robert2002precision,
	title={Precision agriculture: a challenge for crop nutrition management},
	author={Robert, Pierre C},
	booktitle={Progress in Plant Nutrition: Plenary Lectures of the XIV International Plant Nutrition Colloquium},
	pages={143--149},
	year={2002},
	organization={Springer}
}

@article{niemann2015critical,
	title={A critical review of glyphosate findings in human urine samples and comparison with the exposure of operators and consumers},
	author={Niemann, Lars and Sieke, Christian and Pfeil, Rudolf and Solecki, Roland},
	journal={Journal f{\"u}r Verbraucherschutz und Lebensmittelsicherheit},
	volume={10},
	number={1},
	pages={3--12},
	year={2015},
	publisher={Springer}
}

@misc{roberts1982weed,
	title={Weed control handbook: Principles, ed. by HA ROBERTS},
	author={Roberts, HA and Chancellor, RJ and Hill, TA},
	year={1982},
	publisher={Blackwell Scientific Publications, Oxford}
}

@article{Suicide2021,
	author = {Claire Bossard and Gaëlle Santin and Irina Guseva Canu},
	title = {Suicide Among Farmers in France: Occupational Factors and Recent Trends},
	journal = {Journal of Agromedicine},
	volume = {21},
	number = {4},
	pages = {310-315},
	year  = {2016},
	publisher = {Taylor & Francis},
	doi = {10.1080/1059924X.2016.1211052},
	note ={PMID: 27409004},
	URL = { https://doi.org/10.1080/1059924X.2016.1211052},
	eprint = { https://doi.org/10.1080/1059924X.2016.1211052}
}

@article{utyasheva2021suicide,
	title={Suicide by pesticide ingestion in Nepal and the impact of pesticide regulation},
	author={Utyasheva, Leah and Sharma, Dilli and Ghimire, Rakesh and Karunarathne, Ayanthi and Robertson, Gael and Eddleston, Michael},
	journal={BMC public health},
	volume={21},
	number={1},
	pages={1--11},
	year={2021},
	publisher={BioMed Central}
}

@article{soudzilovskaia2019global,
	title={Global mycorrhizal plant distribution linked to terrestrial carbon stocks},
	author={Soudzilovskaia, Nadejda A and van Bodegom, Peter M and Terrer, C{\'e}sar and van’t Zelfde, Maarten and McCallum, Ian and McCormack, M Luke and Fisher, Joshua B and Brundrett, Mark C and de S{\'a}, Nuno C{\'e}sar and Tedersoo, Leho},
	journal={Nature communications},
	volume={10},
	number={1},
	pages={1--10},
	year={2019},
	publisher={Nature Publishing Group}
}

@article{USDA_Food,
	author = {Davis, Donald and Epp, Melvin and Riordan, Hugh},
	year = {2004},
	month = {12},
	pages = {669-82},
	title = {Changes in USDA Food Composition Data for 43 Garden Crops, 1950 to 1999},
	volume = {23},
	journal = {Journal of the American College of Nutrition},
	doi = {10.1080/07315724.2004.10719409}
}

@article{christian2002charts,
	title={Charts: Nutrient changes in vegetables and fruits, 1951 to 1999},
	author={Christian, J},
	journal={CTV. ca News},
	year={2002}
}


@Article{agronomy11040747,
	AUTHOR = {Storkey, Jonathan and Helps, Joseph and Hull, Richard and Milne, Alice E. and Metcalfe, Helen},
	TITLE = {Defining Integrated Weed Management: A Novel Conceptual Framework for Models},
	JOURNAL = {Agronomy},
	VOLUME = {11},
	YEAR = {2021},
	NUMBER = {4},
	ARTICLE-NUMBER = {747},
	URL = {https://www.mdpi.com/2073-4395/11/4/747},
	ISSN = {2073-4395},
	DOI = {10.3390/agronomy11040747}
}

@book{chauvel2018gestion,
	title={Gestion durable de la flore adventice des cultures},
	author={Chauvel, Bruno and Darmency, Henri and Munier-Jolain, Nicolas and Rodriguez, Alain},
	year={2018},
	publisher={Editions Quae}
}



@inproceedings{cordeau2016nuisibilite,
	title={La nuisibilit{\'e} direct des adventices en grandes cultures: quelles r{\'e}ponses nous apportent les essais d{\'e}sherbage},
	author={Cordeau, S and Dessaint, F and Denieul, C and Bonin, L and Vuillemin, F and Delattre, M and Rodriguez, A and Guillemin, JP and Chauvel, B},
	booktitle={23e Conf{\'e}rence du COLUMA-journ{\'e}es internationales sur la lutte contre les mauvaises herbes, DIJON},
	volume={6},
	number={7},
	year={2016}
}

@article{luck2009electrical,
	title={Electrical conductivity mapping for precision farming},
	author={L{\"u}ck, E and Gebbers, R and Ruehlmann, J and Spangenberg, U},
	journal={Near Surface Geophysics},
	volume={7},
	number={1},
	pages={15--26},
	year={2009},
	publisher={European Association of Geoscientists \& Engineers}
}

@phdthesis{pelosi2008modelisation,
	title={Mod{\'e}lisation de la dynamique d'une population de vers de terre Lumbricus terrestris au champ. Contribution {\`a} l'{\'e}tude de l'impact des syst{\`e}mes de culture sur les communaut{\'e}s lombriciennes},
	author={Pelosi, C{\'e}line},
	year={2008},
	school={AgroParisTech}
}

@article{caussanel1989nuisibilite,
	title={Nuisibilit{\'e} et seuils de nuisibilit{\'e} des mauvaises herbes dans une culture annuelle: situation de concurrence bisp{\'e}cifique},
	author={Caussanel, JP},
	journal={Agronomie},
	volume={9},
	number={3},
	pages={219--240},
	year={1989}
}

@article{Gee2021,
	author = {Gée, Christelle and Denimal, Emmanuel and Merienne, Josselyn and Larmure, Annabelle},
	year = {2021},
	month = {04},
	pages = {1-19},
	title = {Evaluation of weed impact on wheat biomass by combining visible imagery with a plant growth model: towards new non-destructive indicators for weed competition},
	volume = {22},
	journal = {Precision Agriculture},
	doi = {10.1007/s11119-020-09776-6}
}

@article{morison2008comment,
	title={Comment ma{\^\i}triser la flore adventice des grandes cultures {\`a} travers les {\'e}l{\'e}ments de l’itin{\'e}raire technique?},
	author={Morison, Muriel and Guichard, Laurence and Jeuffroy, Marie-Helene},
	journal={Innovations agronomiques},
	volume={3},
	pages={27--41},
	year={2008}
}

@article{schaub2010mieux,
	title={Mieux conna{\^\i}tre les mauvaises herbes pour mieux ma{\^\i}triser le d{\'e}sherbage},
	author={Schaub, C},
	journal={AgriMieux \& Chambre d’Agriculture du Bas-Rhin},
	year={2010}
}

@phdthesis{carbonne:tel-03163078,
	TITLE = {{Le r{\^o}le des interactions biotiques dans un syst{\`e}me proie-pr{\'e}dateur : le cas de la pr{\'e}dation et de la r{\'e}gulation des graines d'adventices par les carabes.}},
	AUTHOR = {Carbonne, Benjamin},
	URL = {https://tel.archives-ouvertes.fr/tel-03163078},
	NUMBER = {2020UBFCK047},
	SCHOOL = {{Universit{\'e} Bourgogne Franche-Comt{\'e}}},
	YEAR = {2020},
	MONTH = Dec,
	KEYWORDS = {Carabidae ; Weed seeds ; Natural predation and regulation ; Biotic interactions ; Alternative prey ; Inter and intraspecific interactions ; Carabidae ; Graines d'adventices ; Pr{\'e}dation et r{\'e}gulation naturelle ; Interactions biotiques ; Proies alternatives ; Interactions inter et intrasp{\'e}cifiques},
	TYPE = {Theses},
	PDF = {https://tel.archives-ouvertes.fr/tel-03163078/file/92449_CARBONNE_2020_archivage.pdf},
	HAL_ID = {tel-03163078},
	HAL_VERSION = {v1},
}

@phdthesis{zerbib2018relations,
	url = "http://www.theses.fr/2018UBFCK078",
	title = "Relations trophiques ente la plante cultivée et les champignons mycorhiziens à arbuscules. Importance des champignons mycorhiziens à arbuscules sur la production végétale (en termes de quantité et qualité)",
	author = "Zerbib, Jérémie",
	year = "2018",
	note = "Thèse de doctorat dirigée par Wipf, Daniel Physiologie Bourgogne Franche-Comté 2018",
	note = "2018UBFCK078",
	school={Bourgogne Franche-Comt{\'e}}
}

@book{jancovici2017avenir,
	title={L'avenir climatique-Quel temps ferons-nous?},
	author={Jancovici, Jean-Marc},
	year={2017},
	publisher={M{\'e}dia Diffusion}
}

@article{fukuoka1983revolution,
	title={La r{\'e}volution d'un seul brin de paille},
	author={Fukuoka, Masanobu},
	journal={Guy Tr{\'e}daniel Editions, Paris},
	year={1983}
}

@article{colbach2021florsys,
	title={The FLORSYS crop-weed canopy model, a tool to investigate and promote agroecological weed management},
	author={Colbach, Nathalie and Colas, Floriane and Cordeau, St{\'e}phane and Maillot, Thibault and Queyrel, Wilfried and Villerd, Jean and Moreau, Delphine},
	journal={Field Crops Research},
	volume={261},
	pages={108006},
	year={2021},
	publisher={Elsevier}
}

@article{bellon2019avant,
	title={Avant-propos},
	author={Bellon-Maurel, V{\'e}ronique and Huyghe, Christian},
	journal={Sciences Eaux Territoires},
	number={3},
	pages={3--5},
	year={2019},
	publisher={Institut national de recherche pour l’agriculture, l’alimentation et l~…}
}

@incollection{KORRES2019243,
	title = {Chapter Six - New directions for integrated weed management: Modern technologies, tools and knowledge discovery},
	editor = {Donald L. Sparks},
	series = {Advances in Agronomy},
	publisher = {Academic Press},
	volume = {155},
	pages = {243-319},
	year = {2019},
	issn = {0065-2113},
	doi = {https://doi.org/10.1016/bs.agron.2019.01.006},
	url = {https://www.sciencedirect.com/science/article/pii/S0065211319300185},
	author = {Nicholas E. Korres and Nilda R. Burgos and Ilias Travlos and Maurizio Vurro and Thomas K. Gitsopoulos and Vijaya K. Varanasi and Stephen O. Duke and Per Kudsk and Chad Brabham and Christopher E. Rouse and Reiofeli Salas-Perez},
	keywords = {Abrasive grit, Automated weed control, Bio-based herbicide products,  seed meal, Database development, Data mining, Electrocution, Herbicide resistance, Harvest weed seed control, Nanotechnology, Plant genome editing, RNAi, Robotics, Thermal weed control},
}

@PHDTHESIS{vulga2015,
	url = "http://www.theses.fr/2015DIJOS068",
	title = "Integration of imaging techniques for the quantitative characterization of pesticide sprays",
	author = "Vulgarakis Minov, Sofija",
	year = "2015",
	note = "Thèse de doctorat dirigée par Paindavoine, MichelPieters, JanCointault, Frédéric et Nuyttens, David Instrumentation et informatique de l'image Dijon 2015",
	note = "Thèse de doctorat Instrumentation et informatique de l'image Universiteit Gent 2015",
	note = "2015DIJOS068",
	url = "http://www.theses.fr/2015DIJOS068/document",
}

@article{VANMOURIK2021105031,
	title = {Introductory overview: Systems and control methods for operational management support in agricultural production systems},
	journal = "Environmental Modelling \& Software",
	volume = {139},
	pages = {105031},
	year = {2021},
	issn = {1364-8152},
	doi = {https://doi.org/10.1016/j.envsoft.2021.105031},
	url = {https://www.sciencedirect.com/science/article/pii/S1364815221000748},
	author = {Simon {van Mourik} and Rik {van der Tol} and Raphael Linker and Daniel Reyes-Lastiri and Gert Kootstra and Peter Groot Koerkamp and Eldert J. {van Henten}},
	keywords = {Modelling, Observation, Control, Precision farming, Disturbances, Errors}
}


@Article{telecom2010005,
	AUTHOR = {Kakamoukas, Georgios and Sarigiannidis, Panagiotis and Maropoulos, Andreas and Lagkas, Thomas and Zaralis, Konstantinos and Karaiskou, Chrysoula},
	TITLE = {Towards Climate Smart Farming—A Reference Architecture for Integrated Farming Systems},
	JOURNAL = {Telecom},
	VOLUME = {2},
	YEAR = {2021},
	NUMBER = {1},
	PAGES = {52--74},
	URL = {https://www.mdpi.com/2673-4001/2/1/5},
	ISSN = {2673-4001},
	DOI = {10.3390/telecom2010005}
}

@article{de2002world,
	title={World poverty and the role of agricultural technology: direct and indirect effects},
	author={De Janvry, Alain and Sadoulet, Elisabeth},
	journal={Journal of development studies},
	volume={38},
	number={4},
	pages={1--26},
	year={2002},
	publisher={Taylor \& Francis}
}

@article{nicholson2019setting,
	title={Setting priorities to address the research gaps between agricultural systems analysis and food security outcomes in low-and middle-income countries},
	author={Nicholson, Charles F and Stephens, Emma and Jones, Andrew D and Kopainsky, Birgit and Parsons, David and Garrett, James H},
	year={2019},
	publisher={CGIAR Research Program on Climate Change, Agriculture and Food Security (CCAFS)}
}


@article{doi:10.1080/09640560123782,
	author = { Jules   Pretty  and  Craig   Brett  and  David   Gee  and  Rachel   Hine  and  Chris   Mason  and  James   Morison  and  Matthew   Rayment  and  Gert   Van Der Bijl  and  Thomas   Dobbs },
	title = {Policy Challenges and Priorities for Internalizing the Externalities of Modern Agriculture},
	journal = {Journal of Environmental Planning and Management},
	volume = {44},
	number = {2},
	pages = {263-283},
	year  = {2001},
	publisher = {Routledge},
	doi = {10.1080/09640560123782},
}

@mastersthesis{mell:dumas-02138698,
	TITLE = {{D{\'e}veloppement de m{\'e}thodes de ph{\'e}notypage haut d{\'e}bit bas{\'e}es sur l'analyse d'images pour le suivi de traits d'int{\'e}r{\^e}ts sur une collection d'ignames (D. alata) en Guadeloupe}},
	AUTHOR = {Mell, Pauline},
	URL = {https://dumas.ccsd.cnrs.fr/dumas-02138698},
	PAGES = {25 + annexes},
	SCHOOL = {{INRA, Centre Antilles-Guyanne, Domaine de Duclos, 97127 Petit-Bourg, Guadeloupe}},
	YEAR = {2018},
	MONTH = Jun,
	KEYWORDS = {Browning process ; Plant cover ; Computer vision ; High-throughput phenotyping ; Yam ; Igname ; Ph{\'e}notypage haut-d{\'e}bit ; Image ; Recouvrement ; Brunissement},
	PDF = {https://dumas.ccsd.cnrs.fr/dumas-02138698/file/2018_Mell_Pauline_APVV_FGA.pdf},
	HAL_ID = {dumas-02138698},
	HAL_VERSION = {v1},
}


@article{lopez2011weed,
	title={Weed detection for site-specific weed management: mapping and real-time approaches},
	author={L{\'o}pez-Granados, Francisca},
	journal={Weed Research},
	volume={51},
	number={1},
	pages={1--11},
	year={2011},
	publisher={Wiley Online Library}
}

@ARTICLE{9448338,
	author={McAllister, Wyatt and Whitman, Joshua and Varghese, Joshua and Davis, Adam and Chowdhary, Girish},
	journal={IEEE Transactions on Robotics}, 
	title={Agbots 3.0: Adaptive Weed Growth Prediction for Mechanical Weeding Agbots}, 
	year={2021},
	volume={},
	number={},
	pages={1-13},
	doi={10.1109/TRO.2021.3083204}
}


@article{deguine2021integrated,
	title={Integrated pest management: good intentions, hard realities. A review},
	author={Deguine, Jean-Philippe and Aubertot, Jean-No{\"e}l and Flor, Rica Joy and Lescourret, Fran{\c{c}}oise and Wyckhuys, Kris AG and Ratnadass, Alain},
	journal={Agronomy for Sustainable Development},
	volume={41},
	number={3},
	pages={1--35},
	year={2021},
	publisher={Springer}
}

@article{radzicki2008origin,
  title={Origin of system dynamics: Jay W. Forrester and the history of system dynamics},
  author={Radzicki, Michael J and Taylor, Robert A},
  journal={US Department of Energy’s introduction to system dynamics},
  year={2008}
}

@book{diamond2010worst,
  title={The worst mistake in the history of the human race},
  author={Diamond, Jared M and others},
  year={2010},
  publisher={Oplopanax Publishing}
}

@book{nagaraj2008farmers,
	title={Farmers' suicides in India: Magnitudes, trends and spatial patterns},
	author={Nagaraj, K},
	year={2008},
	publisher={Bharathi puthakalayam}
}

@book{shiva2005globalization,
	title={Globalization's New Wars: Seed, Water \& Life Forms},
	author={Shiva, Vandana},
	volume={3},
	year={2005},
	publisher={Women Unlimited}
}

@book{shiva2006seeds,
	title={Seeds of suicide: the ecological and human costs of seed monopolies and globalisation of agriculture},
	author={Shiva, Vandana and Jalees, Kunwar},
	year={2006},
	publisher={Navdanya}
}

@inproceedings{chaumeil1939travaux,
	title={Les travaux et les jours d'un paysan auvergnat},
	author={Chaumeil, Louis},
	booktitle={Annales de g{\'e}ographie},
	volume={48},
	number={272},
	pages={138--162},
	year={1939},
	organization={JSTOR}
}

@book{bircher1943hounza,
	title={Les Hounza: un peuple qui ignore la maladie},
	author={Bircher, Ralph and Godet, Gabrielle},
	year={1943},
	publisher={V. Attinger}
}

@unknown{Pretto2019,
	author = {Pretto, Alberto and Aravecchia, Stéphanie and Burgard, Wolfram and Chebrolu, Nived and Dornhege, Christian and Falck, Tillmann and Fleckenstein, Freya and Fontenla, Alessandra and Imperoli, Marco and Khanna, Raghav and Liebisch, Frank and Lottes, Philipp and Milioto, Andres and Nardi, Daniele and Nardi, Sandro and Pfeifer, Johannes and Popovic, Marija and Potena, Ciro and Pradalier, Cedric and Nieto, Juan},
	year = {2019},
	month = {11},
	pages = {},
	title = {Building an Aerial-Ground Robotics System for Precision Farming}
}

@article{montiel2015programme,
	title={Le Programme d’Agriculture Urbaine de la ville de Rosario en Argentine. Une gestion complexe de la multifonctionnalit{\'e}},
	author={Montiel, Marta Soler},
	journal={Revue d’ethno{\'e}cologie},
	number={8},
	year={2015},
	publisher={Laboratoire {\'E}co-anthropologie et Ethnobiologie (UMR 7206)}
}

@phdthesis{ElAmine2018,
	author = {El Amine, Sebar and Rapior, Sylvie and Morel, Sylvie and Alain, Del},
	year = {2018},
	month = {06},
	pages = {},
	title = {MON JARDIN PERMACULTUREL / MY PERMACULTURAL GARDEN}
}

@incollection{Shunlin20121,
	title = "Chapter 1 - A Systematic View of Remote Sensing",
	editor = "Shunlin Liang and Xiaowen Li and Jindi Wang",
	booktitle = "Advanced Remote Sensing",
	publisher = "Academic Press",
	address = "Boston",
	pages = "1 - 31",
	year = "2012",
	isbn = "978-0-12-385954-9",
	doi = "https://doi.org/10.1016/B978-0-12-385954-9.00001-0",
	url = "http://www.sciencedirect.com/science/article/pii/B9780123859549000010"
}

@book{caquet2020agroecologie,
	title={Agro{\'e}cologie: des recherches pour la transition des fili{\`e}res et des territoires},
	author={Caquet, Thierry and Gascuel, Chantal and Tixier-Boichard, Mich{\`e}le},
	year={2020},
	publisher={Quae}
}

@phdthesis{jones2009modelisation,
	title={Mod{\'e}lisation d'images agronomiques-application a la reconnaissance d'adventices par imagerie pour une pulv{\'e}risation localis{\'e}e},
	author={Jones, Gawain},
	year={2009}
}

@inproceedings{vitinnov2017journees,
	title={Journ{\'e}es de l'agro{\'e}cologie au vignoble},
	author={Vitinnov, Vitinnov and others},
	year={2017}
}

@inproceedings{Geneviève2018,
	title={Blés anciens et modernes : une histoire de plus de 10 000 ans},
	author={Geneviève CODOU-DAVID},
	year={2018},
	url={http://www.bourgogne-nature.fr/fichiers/revues/pages_026a039_de_bfcn27_cahiers_ld.pdf},
	publisher={Revue scientifi que Bourgogne-Franche-Comté Natur}
}

@book{alma991008709229705596,
	abstract = {La quatrième de couverture indique : "Depuis les débuts de l'ère industrielle, l'agriculture s'est engagée dans un processus de destruction de la biodiversité : plus de 90 % des variétés utilisées traditionnellement par les paysans, à l'échelle de la planète, ont déjà disparu de nos champs et de nos assiettes. Pendant que les vestiges de cette diversité étaient stockés dans des banques de gènes réfrigérées à l'usage de l'industrie semencière, les variétés traditionnelles, jugées insuffisamment uniformes, étaient rendues illégales, laissant ainsi la place aux variétés modernes, seules autorisées à la vente et désormais protégées par des droits de propriété intellectuelle. Les poursuites judiciaires lancées contre l'association Kokopelli, qui conserve et distribue une vaste collection de variétés traditionnelles, ont illustré ces sombres développements. À l'heure où se profile une réforme de la législation européenne sur le commerce des semences, ce livre fait la lumière sur un arsenal législatif complexe et nous appelle à une prise de conscience. Car derrière les semences, premier maillon de la chaîne alimentaire, les enjeux sont nombreux : survie du monde paysan, espoir d'une agriculture durable, qualité de l'alimentation, mais aussi survivance d'un patrimoine commun, rempart contre l'appropriation de tout le vivant."},
	author = {Magarinos-Rey Blanche},
	address = {Paris},
	year={2015},
	isbn = {978-2-07-259389-5},
	keywords = {Semences -- Droit -- 1990-},
	language = {fre},
	publisher = {Alternatives},
	series = {Manifestô},
	title = {Semences hors-la-loi  : la biodiversité confisquée / Blanche Magarinos-Rey},
}

@article{longaretti:hal-03233585,
	TITLE = {{Le num{\'e}rique, espoir pour la transition {\'e}cologique ?}},
	AUTHOR = {Longaretti, Pierre-Yves and Berthoud, Fran{\c c}oise},
	URL = {https://hal.archives-ouvertes.fr/hal-03233585},
	JOURNAL = {{L'{\'E}conomie politique}},
	PUBLISHER = {{Scop-Alternatives {\'e}conomiques}},
	PAGES = {1-9},
	YEAR = {2021},
	MONTH = May,
	PDF = {https://hal.archives-ouvertes.fr/hal-03233585/file/Berthoud-Longaretti_Num%C3%A9rique_version_pour%20HAL.pdf},
	HAL_ID = {hal-03233585},
	HAL_VERSION = {v1},
}

@misc{martino1973limits,
	title={The limits to growth: A report for the club of Rome's project on the predicament of mankind: Dennis L. Meadows et al. Universe Books, New York. 1972, 205 pages, $6.50; paperback $2.75},
	author={Martino, Joseph P},
	year={1973},
	publisher={North-Holland}
}

@article{cramer2011effects,
	title={Effects of abiotic stress on plants: a systems biology perspective},
	author={Cramer, Grant R and Urano, Kaoru and Delrot, Serge and Pezzotti, Mario and Shinozaki, Kazuo},
	journal={BMC plant biology},
	volume={11},
	number={1},
	pages={1--14},
	year={2011},
	publisher={BioMed Central}
}

@misc{Bagnoud2020,
	author = {Bagnoud, Anouchka and Recordon, Johann},
	year = {2020},
	month = {06},
	pages = {},
	title = {Le Sikkim et la révolution biologique},
	doi = {10.13140/RG.2.2.19220.12162}
}

@article{etter2011low,
	title={Low-cost struvite production using source-separated urine in Nepal},
	author={Etter, Bastian and Tilley, Elizabeth and Khadka, Raju and Udert, Kai M},
	journal={Water research},
	volume={45},
	number={2},
	pages={852--862},
	year={2011},
	publisher={Elsevier}
}

@article{pic:hal-03008309,
	TITLE = {{La dynamique d'enfrichement, ses expressions paysag{\`e}res et ses significations : le cas du Beaujolais viticole}},
	AUTHOR = {Pic, Jessica and Le Guen, Yoann and Cossart, Etienne and Fressard, Mathieu},
	URL = {https://hal.archives-ouvertes.fr/hal-03008309},
	JOURNAL = {{VertigO : La Revue {\'E}lectronique en Sciences de l'Environnement}},
	PUBLISHER = {{VertigO}},
	YEAR = {2020},
	DOI = {10.4000/vertigo.28393},
	HAL_ID = {hal-03008309},
	HAL_VERSION = {v1},
}

@article{mesini2006preservation,
	title={Pr{\'e}servation de la biodiversit{\'e} et souverainet{\'e} alimentaire: r{\'e}activation des savoirs paysans et {\'e}mergence des droits de la Terre (2000-2005)},
	author={M{\'e}sini, B{\'e}atrice},
	journal={Le retour des paysans? {\`a} l'heure du d{\'e}veloppement durable},
	pages={71},
	year={2006}
}

@article{pandey2017impact,
	title={Impact of combined abiotic and biotic stresses on plant growth and avenues for crop improvement by exploiting physio-morphological traits},
	author={Pandey, Prachi and Irulappan, Vadivelmurugan and Bagavathiannan, Muthukumar V and Senthil-Kumar, Muthappa},
	journal={Frontiers in plant science},
	volume={8},
	pages={537},
	year={2017},
	publisher={Frontiers}
}

@book{caquet2020agroecologie,
	title={Agro{\'e}cologie: des recherches pour la transition des fili{\`e}res et des territoires},
	author={Caquet, Thierry and Gascuel, Chantal and Tixier-Boichard, Mich{\`e}le},
	year={2020},
	publisher={{\'e}ditions Quae}
}

@article{herrington2021update,
	title={Update to limits to growth: Comparing the World3 model with empirical data},
	author={Herrington, Gaya},
	journal={Journal of Industrial Ecology},
	volume={25},
	number={3},
	pages={614--626},
	year={2021},
	publisher={Wiley Online Library}
}

@book{bourguignon2008sol,
	title={Le sol, la terre et les champs: pour retrouver une agriculture saine},
	author={Bourguignon, Claude and Bourguignon, Lydia},
	year={2008},
	publisher={Lulu}
}

@phdthesis{bendaoud2020semis,
    title={Le semis direct sous couvert v{\'e}g{\'e}tal vivant: comme une solution alternative aux syst{\`e}mes de cultures conventionnels en zones arides des steppes alg{\'e}riennes},
    author={Bendaoud, Athmane},
    year={2020},
    school={Universit{\'e} Mohamed Khider de Biskra}
}

@article{pujol2014journee,
	title={Journ{\'e}e mondiale des sols},
	author={Pujol, Jean-Luc},
	year={2014}
}

@book{holzer2011sepp,
	title={Sepp Holzer's permaculture: a practical guide to small-scale, integrative farming and gardening},
	author={Holzer, Sepp},
	year={2011},
	publisher={Chelsea Green Publishing}
}

@book{carles2007volem,
	title={Volem rien foutre al pa{\"\i}s},
	author={Carles, Pierre},
	year={2007},
	publisher={CP Productions [{\'e}d.]}
}

@article{morel2016ferme,
	title={Une ferme mara{\^\i}ch{\`e}re biologique viable sans motorisation? Le cas d'une approche holistique inspir{\'e}e par la permaculture},
	author={Morel, K and Gu{\'e}gan, C and L{\'e}ger, F},
	year={2016}
}

@book{léraud2019algues,
	title={Algues vertes: L'histoire interdite},
	author={L{\'e}raud, I. and Van Hove, P.},
	isbn={9782413010364},
	url={https://books.google.fr/books?id=S6GBxgEACAAJ},
	year={2019},
	publisher={Delcourt}
}

@article{SurveillanceAlimentaires,
	author = {Nougadère, Alexandre and Réty, Josselin and Vial, Gaëlle and Volatier, Jean-Luc and Leblanc, Jean-Charles and Merlo, Mathilde and Gerault, Florence},
	year = {2015},
	month = {05},
	pages = {},
	title = {Surveillance des expositions alimentaires aux résidus de pesticides : des indicateurs de risque pour le suivi et l’orientation des programmes nationaux de surveillance et du plan Ecophyto},
	volume = {68},
	journal = {Bulletin Epidémiologique, Santé Animale et Alimentation}
}

@article{louime2017sargassum,
	title={Sargassum invasion of coastal environments: a growing concern},
	author={Louime, Clifford and Fortune, Jodany and Gervais, Gary},
	journal={American Journal of Environmental Sciences},
	volume={13},
	number={1},
	pages={58--64},
	year={2017}
}

@article{fukuoka1983revolution,
	title={La r{\'e}volution d'un seul brin de paille},
	author={Fukuoka, Masanobu},
	journal={Guy Tr{\'e}daniel Editions, Paris},
	year={1983}
}

@Conference{ArthurKeller,
  author = {Arthur Keller},
  title  = {Conférence sur les risques d'effondrement et les chemins de la résilience territoriale},
  year   = {2018},
}

@phdthesis {Koot891024465110,
	author       = {BSc. T.M. Koot}, 
	title        = {Weed detection with Unmanned Aerial Vehicles in agricultural systems},
	school       = {Wageningen University and Research Centre},
	year         = 2014,
	month        = 12,
	note         = {Registration number : 891024465110}
}

@article {Daineseeaax0121,
	author = {Dainese, Matteo and Martin, Emily A.},
	title = {A global synthesis reveals biodiversity-mediated benefits for crop production},
	volume = {5},
	number = {10},
	elocation-id = {eaax0121},
	year = {2019},
	doi = {10.1126/sciadv.aax0121},
	publisher = {American Association for the Advancement of Science},
	abstract = {Human land use threatens global biodiversity and compromises multiple ecosystem functions critical to food production. Whether crop yield{\textendash}related ecosystem services can be maintained by a few dominant species or rely on high richness remains unclear. Using a global database from 89 studies (with 1475 locations), we partition the relative importance of species richness, abundance, and dominance for pollination; biological pest control; and final yields in the context of ongoing land-use change. Pollinator and enemy richness directly supported ecosystem services in addition to and independent of abundance and dominance. Up to 50\% of the negative effects of landscape simplification on ecosystem services was due to richness losses of service-providing organisms, with negative consequences for crop yields. Maintaining the biodiversity of ecosystem service providers is therefore vital to sustain the flow of key agroecosystem benefits to society.},
	URL = {https://advances.sciencemag.org/content/5/10/eaax0121},
	eprint = {https://advances.sciencemag.org/content/5/10/eaax0121.full.pdf},
	journal = {Science Advances}
}

@book{aberkane2015economie,
	title={{\'E}conomie de la connaissance},
	author={Aberkane, Idriss Jamil},
	year={2015},
	publisher={Fondapol, Fondation pour l'innovation politique}
}

@article{Ph-Martin-2017-et-al-JISTEE-1-2017,
	author = {Martin, Philippe and Pierre-Alain, Ayral and Canovas, Ingrid and Cicille, Patricia and F, Didon and Domergue, J.-M and Douguedroit, Annick and Grard, Nadine and Kamara, Saliou and Lopez, Christian and Morardet, Sylvie and Sauvagnargues, Sophie},
	year = {2017},
	month = {02},
	pages = {},
	title = {Ph-Martin-2017-et-al-JISTEE-1-2017}
}

@article{kisinyo2011epuisement,
	title={{\'E}puisement du phosphore: les pays ACP doivent-ils s' en pr{\'e}occuper},
	author={Kisinyo, PO and Ng’etich, WK and Othieno, CO and Okalebo, JR and Opile, WR},
	journal={Quelles sont les perspectives attendues en mati{\`e}re de recherche et de politique},
	year={2011}
}

@article{WINTERMANTEL2020135400,
	title = "Neonicotinoid-induced mortality risk for bees foraging on oilseed rape nectar persists despite EU moratorium",
	journal = "Science of The Total Environment",
	volume = "704",
	pages = "135400",
	year = "2020",
	issn = "0048-9697",
	doi = "https://doi.org/10.1016/j.scitotenv.2019.135400",
	url = "http://www.sciencedirect.com/science/article/pii/S0048969719353938",
	author = "Dimitry Wintermantel and Jean-François Odoux and Axel Decourtye and Mickaël Henry and Fabrice Allier and Vincent Bretagnolle",
	keywords = "Neonicotinoid, Imidacloprid, Foraging bees, Oilseed rape nectar, Risk assessment, Environmental fate",
	abstract = "The implication of neonicotinoids in bee declines led in 2013 to an EU moratorium on three neonicotinoids in bee-attractive crops. However, neonicotinoids are frequently detected in wild flowers or untreated crops suggesting that neonicotinoids applied to cereals can spread into the environment and harm bees. Therefore, we quantified neonicotinoid residues in nectar from winter-sown oilseed rape in western France collected within the five years under the EU moratorium. We detected all three restricted neonicotinoids. Imidacloprid was detected in all years with no clear declining trend but a strong inter- and intra-annual variation and maximum concentrations exceeding reported concentrations in treated crops. No relation to non-organic winter-sown cereals was identified even though these were the only crops treated with imidacloprid, but residue levels depended on soil type and increased with rainfall. Simulating acute and chronic mortality suggests a considerable risk for nectar foraging bees. We conclude that persistent imidacloprid soil residues diffuse on a large scale in the environment and substantially contaminate a major mass-flowering crop. Despite the limitations of case-studies and risk simulations, our findings provide additional support to the recent extension of the moratorium to a permanent ban in all outdoor crops."
}

@phdthesis{lherbier2005valorisation,
	title={Valorisation de l'information g{\'e}ographique en agriculture de pr{\'e}cision},
	author={Lherbier, J{\'e}r{\'e}my},
	year={2005}
}

@phdthesis{bossu2007segmentation,
	title={Segmentation d’images pour la localisation d’adventices: application {\`a} la r{\'e}alisation d’un syst{\`e}me de vision pour une pulv{\'e}risation sp{\'e}cifique en temps r{\'e}el},
	author={Bossu, J{\'e}r{\'e}mie},
	year={2007},
	school={Dijon}
}

@article {LeMondePesticides,
	title = "Le recours aux pesticides a connu une hausse spectaculaire en 2018",
	author = "Stéphane Mandard and Stéphane Foucart",
	journal = "LeMonde",
	year = "2020",
	keywords = "polutions planète pesticides",
	url = "https://www.lemonde.fr/planete/article/2020/01/07/le-recours-aux-pesticides-a-connu-une-hausse-spectaculaire-en-2018_6025101_3244.html",
}

@Comment{jabref-meta: databaseType:bibtex;}
