@phdthesis{lisein:tel-01539627,
  TITLE = {{Application des techniques de photogramm{\'e}trie par drone {\`a} la caract{\'e}risation des ressources foresti{\`e}res}},
  AUTHOR = {Lisein, Jonathan},
  URL = {https://tel.archives-ouvertes.fr/tel-01539627},
  NUMBER = {2016PESC1049},
  SCHOOL = {{Universit{\'e} Paris-Est}},
  YEAR = {2016},
  MONTH = Dec,
  KEYWORDS = {Forestry ; Unmanned Aerial System ; Photogrammetry ; Forest canopy ; Foresterie ; Drone ; Photogramm{\'e}trie ; Canop{\'e}e},
  TYPE = {Theses},
  PDF = {https://tel.archives-ouvertes.fr/tel-01539627/file/TH2016PESC1049.pdf},
  HAL_ID = {tel-01539627},
  HAL_VERSION = {v1},
}

@inproceedings{Junior2019DetectionOC,
	title={Detection of Control Points for UAV-Multispectral Sensed Data Registration through the Combining of Feature Descriptors},
	author={Jocival Dantas Dias Junior and Andr{\'e} Ricardo Backes and Maur{\'i}cio Cunha Escarpinati},
	booktitle={VISIGRAPP},
	year={2019}
}

@article{ChallengeRoSE2021,
    author = {R\'emi Regnier and Guillaume Avrin and Virginie Barbosa and Daniel Boffety and Anne Kalouguine and Sophie Lardy-Fontan},
    title = {Validation de m\'ethodologies d{\textquoteright}\'evaluation de solutions de d\'esherbage autonomes, dans le cadre des projets {Challenge} {ROSE} et {METRICS.}},
    journal = {Revue Ouverte d'Intelligence Artificielle},
    pages = {11--32},
    publisher = {Association pour la diffusion de la recherche francophone en intelligence artificielle},
    volume = {2},
    number = {1},
    year = {2021},
    doi = {10.5802/roia.8},
    language = {fr},
    url = {https://roia.centre-mersenne.org/articles/10.5802/roia.8/}
}