@article{lee2021comparison,
	title={Comparison of Reflectance and Vegetation Index Changes by Type of UAV-Mounted Multi-Spectral Sensors},
	author={Lee, Kyung-do and Ahn, Ho-yong and Ryu, Jae-hyun and So, Kyu-ho and Na, Sang-il},
	journal={Korean Journal of Remote Sensing},
	volume={37},
	number={5\_1},
	pages={947--958},
	year={2021},
	publisher={The Korean Society of Remote Sensing}
}

@article{brown2015ndvi,
	title={NDVI, the Foundation for Remote Sensing Phenology},
	author={Brown, J},
	journal={USGS Remote Sensing Phenology: Vegetation Indices},
	year={2015}
}

@article{Gee2021,
    author = {GÃ©e, Christelle and Denimal, Emmanuel and Merienne, Josselyn and Larmure, Annabelle},
    year = {2021},
    month = {04},
    pages = {1-19},
    title = {Evaluation of weed impact on wheat biomass by combining visible imagery with a plant growth model: towards new non-destructive indicators for weed competition},
    volume = {22},
    journal = {Precision Agriculture},
    doi = {10.1007/s11119-020-09776-6}
}

@article{bannari1995review,
    title={A review of vegetation indices},
    author={Bannari, Abdou and Morin, Daniel and Bonn, F and Huete, AjRsr},
    journal={Remote sensing reviews},
    volume={13},
    number={1-2},
    pages={95--120},
    year={1995},
    publisher={Taylor \& Francis}
}