
@inproceedings{MIoU2016,
	author = {Rahman, Md and Wang, Yang},
	year = {2016},
	month = {12},
	pages = {234-244},
	title = {Optimizing Intersection-Over-Union in Deep Neural Networks for Image Segmentation},
	volume = {10072},
	isbn = {978-3-319-50834-4},
	doi = {10.1007/978-3-319-50835-1_22}
}

@inproceedings{vayssade:hal-02499730,
  TITLE = {{Two-step multi-spectral registration via key-point detector and gradient similarity. Application to agronomic scenes for proxy-sensing}},
  AUTHOR = {Vayssade, Jehan-Antoine and JONES, Gawain and Paoli, Jean-Noël and Gée, Christelle},
  BOOKTITLE = {{Proceedings of the 15th International Joint Conference on Computer Vision, Imaging and Computer Graphics Theory and Applications}},
  ADDRESS = {La Valette, Malta},
  YEAR = {2020},
  MONTH = Feb,
  URL = {https://hal-agrosup-dijon.archives-ouvertes.fr/hal-02499730},
  DOI = {10.5220/0009169301030110},
  KEYWORDS = {Feature descriptor ; Precision farming ; Multi-spectral imagery ; Registration},
  PDF = {https://hal-agrosup-dijon.archives-ouvertes.fr/hal-02499730/file/airphen-multispectral-registration-v16.pdf},
  HAL_ID = {hal-02499730},
  HAL_VERSION = {v1},
}

@article{Hafiz_2020,
	title={A survey on instance segmentation: state of the art},
	volume={9},
	ISSN={2192-662X},
	DOI={10.1007/s13735-020-00195-x},
	number={3},
	journal={International Journal of Multimedia Information Retrieval},
	publisher={Springer Science and Business Media LLC},
	author={Hafiz, Abdul Mueed and Bhat, Ghulam Mohiuddin},
	year={2020},
	month={Jul},
	pages={171–189}
}

@misc{zhou2019iou,
	title={IoU Loss for 2D/3D Object Detection},
	author={Dingfu Zhou and Jin Fang and Xibin Song and Chenye Guan and Junbo Yin and Yuchao Dai and Ruigang Yang},
	year={2019},
	eprint={1908.03851},
	archivePrefix={arXiv},
	primaryClass={cs.CV}
}


@inproceedings{Beers2019,
	author = {van Beers, F. and Lindström, Arvid and Okafor, Emmanuel and Wiering, Marco},
	year = {2019},
	month = {02},
	pages = {},
	title = {Deep Neural Networks with Intersection over Union Loss for Binary Image Segmentation},
	doi = {10.5220/0007347504380445}
}

@inproceedings{scharr2017computer,
	author = {Scharr, Hanno and Pridmore, Tony and Tsaftaris, S.},
	year = {2017},
	month = {10},
	pages = {2020-2021},
	title = {Computer Vision Problems in Plant Phenotyping, CVPPP 2017: Introduction to the CVPPP 2017 Workshop Papers},
	doi = {10.1109/ICCVW.2017.236}
}

@InProceedings{Uchiyama_2017_ICCV_Workshops,
    author = {Uchiyama, Hideaki and Sakurai, Shunsuke and Mishima, Masashi and Arita, Daisaku and Okayasu, Takashi and Shimada, Atsushi and Taniguchi, Rin-ichiro},
    year = {2017},
    month = {10},
    pages = {2038-2045},
    title = {An Easy-to-Setup 3D Phenotyping Platform for KOMATSUNA Dataset},
    doi = {10.1109/ICCVW.2017.239}
} 

@article{perlin_noise,
	author = {Bae, Hyun-Jin and Kim, Chang-Wook and Kim, Namju and Park, Beomhee and Kim, Namkug and Seo, Joon Beom and Lee, Sang Min},
	year = {2018},
	month = {12},
	pages = {},
	title = {A Perlin Noise-Based Augmentation Strategy for Deep Learning with Small Data Samples of HRCT Images},
	volume = {8},
	journal = {Scientific Reports},
	doi = {10.1038/s41598-018-36047-2}
}

@inproceedings{Zamir2020MIRNet,
  author    = {Syed Waqas Zamir and
               Aditya Arora and
               Salman H. Khan and
               Munawar Hayat and
               Fahad Shahbaz Khan and
               Ming{-}Hsuan Yang and
               Ling Shao},
  title     = {Learning Enriched Features for Real Image Restoration and Enhancement},
  journal   = {CoRR},
  volume    = {abs/2003.06792},
  year      = {2020},
  eprinttype = {arXiv},
  eprint    = {2003.06792},
  timestamp = {Wed, 03 Feb 2021 17:53:30 +0100},
  biburl    = {https://dblp.org/rec/journals/corr/abs-2003-06792.bib},
  bibsource = {dblp computer science bibliography, https://dblp.org}
}

@article{SKCN,
  author    = {Xiang Li and
               Wenhai Wang and
               Xiaolin Hu and
               Jian Yang},
  title     = {Selective Kernel Networks},
  journal   = {CoRR},
  volume    = {abs/1903.06586},
  year      = {2019},
  url       = {http://arxiv.org/abs/1903.06586},
  archivePrefix = {arXiv},
  eprint    = {1903.06586},
  timestamp = {Mon, 08 Jun 2020 12:34:10 +0200},
  biburl    = {https://dblp.org/rec/journals/corr/abs-1903-06586.bib},
  bibsource = {dblp computer science bibliography, https://dblp.org}
}


@inproceedings{8099788,
  author={Bai, Min and Urtasun, Raquel},
  booktitle={2017 IEEE Conference on Computer Vision and Pattern Recognition (CVPR)}, 
  title={Deep Watershed Transform for Instance Segmentation}, 
  year={2017},
  volume={},
  number={},
  pages={2858-2866},
  doi={10.1109/CVPR.2017.305}
}

@Article{rs10111690,
    AUTHOR = {Bah, M Dian and Hafiane, Adel and Canals, Raphael},
    TITLE = {Deep Learning with Unsupervised Data Labeling for Weed Detection in Line Crops in UAV Images},
    JOURNAL = {Remote Sensing},
    VOLUME = {10},
    YEAR = {2018},
    NUMBER = {11},
    ARTICLE-NUMBER = {1690},
    URL = {https://www.mdpi.com/2072-4292/10/11/1690},
    ISSN = {2072-4292},
    DOI = {10.3390/rs10111690}
}

@article{BONNEAU2020105150,
    title = {Outdoor animal tracking combining neural network and time-lapse cameras},
    journal = {Computers and Electronics in Agriculture},
    volume = {168},
    pages = {105150},
    year = {2020},
    issn = {0168-1699},
    doi = {10.1016/j.compag.2019.105150},
    author = {Mathieu Bonneau and Jehan-Antoine Vayssade and Willy Troupe and Rémy Arquet},
    keywords = {Automatic detection, Time-lapse, Tracking, Image analysis, Monitoring},
}

@article{PEREZORTIZ2015533,
    title = {A semi-supervised system for weed mapping in sunflower crops using unmanned aerial vehicles and a crop row detection method},
    journal = {Applied Soft Computing},
    volume = {37},
    pages = {533-544},
    year = {2015},
    issn = {1568-4946},
    doi = {https://doi.org/10.1016/j.asoc.2015.08.027},
    url = {https://www.sciencedirect.com/science/article/pii/S1568494615005281},
    author = {M. Pérez-Ortiz and J.M. Peña and P.A. Gutiérrez and J. Torres-Sánchez and C. Hervás-Martínez and F. López-Granados},
    keywords = {Remote sensing, Unmanned aerial vehicles (UAV), Weed detection, Machine learning, Hough transform, Support vector machine},
}

@Article{Vayssade2021,
  TITLE = {{DeepIndices: Remote Sensing Indices Based on Approximation of Functions through Deep-Learning, Application to Uncalibrated Vegetation Images}},
  AUTHOR = {Vayssade, Jehan-Antoine and Paoli, Jean-Noël and Gée, Christelle and JONES, Gawain},
  URL = {https://hal-agrosup-dijon.archives-ouvertes.fr/hal-03263161},
  JOURNAL = {{Remote Sensing}},
  PUBLISHER = {{MDPI}},
  VOLUME = {13},
  NUMBER = {2261},
  PAGES = {1-21},
  YEAR = {2021},
  MONTH = Jun,
  DOI = {10.3390/rs13122261},
  KEYWORDS = {Image ; Precision agriculture ; Spectral indice ; Multi-spectral ; Deep-learning ; Vegetation segmentation},
  HAL_ID = {hal-03263161},
  HAL_VERSION = {v1},
}

@article{Louargant2017,
  TITLE = {{Weed detection by UAV: simulation of the impact of spectral mixing in multispectral images}},
  AUTHOR = {Louargant, Marine and Villette, Sylvain and Jones, Gawain and Vigneau, N. and Paoli, Jean-Noël and Gée, Christelle},
  JOURNAL = {{Precision Agriculture}},
  PUBLISHER = {{Springer Verlag}},
  VOLUME = {18},
  NUMBER = {6},
  PAGES = {932-951},
  YEAR = {2017},
  MONTH = Dec,
  DOI = {10.1007/s11119-017-9528-3},
  KEYWORDS = {Modeling ; Acquisition chain model ; Multispectral image ; Weed classification},
  HAL_ID = {hal-01744077},
  HAL_VERSION = {v1},
}


@misc{moradi2019mfp,
	title={A Novel Deep Learning Based Approach for Left Ventricle Segmentation in Echocardiography: MFP-Unet}, 
	author={Shakiba Moradi and Mostafa Ghelich-Oghli and Azin Alizadehasl and Isaac Shiri and Niki Oveisi and Mehrdad Oveisi and Majid Maleki and Jan Dhooge},
	year={2019},
	eprint={1906.10486},
	archivePrefix={arXiv},
	primaryClass={eess.IV}
}

@misc{zhao2017pyramid,
	title={Pyramid Scene Parsing Network}, 
	author={Hengshuang Zhao and Jianping Shi and Xiaojuan Qi and Xiaogang Wang and Jiaya Jia},
	year={2017},
	eprint={1612.01105},
	archivePrefix={arXiv},
	primaryClass={cs.CV}
}

@article{Jadon2020,
	title={A survey of loss functions for semantic segmentation},
	ISBN={9781728194684},
	url={http://dx.doi.org/10.1109/CIBCB48159.2020.9277638},
	DOI={10.1109/cibcb48159.2020.9277638},
	journal={2020 IEEE Conference on Computational Intelligence in Bioinformatics and Computational Biology (CIBCB)},
	publisher={IEEE},
	author={Jadon, Shruti},
	year={2020},
	month={Oct}
}


@article{DenseNet,
	author    = {Gao Huang and Zhuang Liu and Kilian Q. Weinberger},
	title     = {Densely Connected Convolutional Networks},
	journal   = {CoRR},
	volume    = {abs/1608.06993},
	year      = {2016},
	url       = {http://arxiv.org/abs/1608.06993},
	archivePrefix = {arXiv},
	eprint    = {1608.06993},
	timestamp = {Mon, 10 Sep 2018 15:49:32 +0200},
	biburl    = {https://dblp.org/rec/journals/corr/HuangLW16a.bib},
	bibsource = {dblp computer science bibliography, https://dblp.org}
}

@article{maksud2013spatial,
	title={Spatial enhancement scheme with supervised pixel classification for blood vessel detection in retinal image},
	author={Maksud, Mahjabin and others},
	year={2013},
	publisher={Department of Electrical and Electronic Engineering}
}


@article{LinVessel,
	author = {Lin, Bingxiong and Sun, Yu and Sanchez, Jaime},
	year = {2014},
	month = {11},
	pages = {},
	title = {Efficient Vessel Feature Detection for Endoscopic Image Analysis},
	volume = {62},
	journal = {IEEE transactions on bio-medical engineering},
	doi = {10.1109/TBME.2014.2373273}
}

@article{phenotyping,
	author = {Omari, Mohammad and Lee, Jayoung and Faqeerzada, M . Akbar and Park, Eunsoo and Cho, Byoung-Kwan},
	year = {2020},
	month = {03},
	pages = {},
	title = {Digital image-based plant phenotyping: a review},
	doi = {10.7744/kjoas.20200004}
}

@article{Gee2021,
    author = {Gée, Christelle and Denimal, Emmanuel and Merienne, Josselyn and Larmure, Annabelle},
    year = {2021},
    month = {04},
    pages = {1-19},
    title = {Evaluation of weed impact on wheat biomass by combining visible imagery with a plant growth model: towards new non-destructive indicators for weed competition},
    volume = {22},
    journal = {Precision Agriculture},
    doi = {10.1007/s11119-020-09776-6}
}

@article{liu2018intriguing,
  author    = {Rosanne Liu and
               Joel Lehman and
               Piero Molino and
               Felipe Petroski Such and
               Eric Frank and
               Alex Sergeev and
               Jason Yosinski},
  title     = {An Intriguing Failing of Convolutional Neural Networks and the CoordConv
               Solution},
  journal   = {CoRR},
  volume    = {abs/1807.03247},
  year      = {2018},
  eprinttype = {arXiv},
  eprint    = {1807.03247},
  timestamp = {Mon, 13 Aug 2018 16:48:27 +0200},
  biburl    = {https://dblp.org/rec/journals/corr/abs-1807-03247.bib},
  bibsource = {dblp computer science bibliography, https://dblp.org}
}

@misc{he2018mask,
	title={Mask R-CNN}, 
	author={Kaiming He and Georgia Gkioxari and Piotr Dollár and Ross Girshick},
	year={2018},
	eprint={1703.06870},
	archivePrefix={arXiv},
	primaryClass={cs.CV}
}

@article{scharr2016leaf,
	title={Leaf segmentation in plant phenotyping: a collation study},
	author={Scharr, Hanno and Minervini, Massimo and French, Andrew P and Klukas, Christian and Kramer, David M and Liu, Xiaoming and Luengo, Imanol and Pape, Jean-Michel and Polder, Gerrit and Vukadinovic, Danijela and others},
	journal={Machine vision and applications},
	volume={27},
	number={4},
	pages={585-606},
	year={2016},
	publisher={Springer},
	doi={10.1007/s00138-015-0737-3}
}

@article{stewart2019quantitative,
	title={Quantitative phenotyping of Northern Leaf Blight in UAV images using deep learning},
	author={Stewart, Ethan L and Wiesner-Hanks, Tyr and Kaczmar, Nicholas and DeChant, Chad and Wu, Harvey and Lipson, Hod and Nelson, Rebecca J and Gore, Michael A},
	journal={Remote Sensing},
	volume={11},
	number={19},
	pages={2209},
	year={2019},
	publisher={Multidisciplinary Digital Publishing Institute}
}

@article{ward2018deep,
	title={Deep leaf segmentation using synthetic data},
	author={Ward, Daniel and Moghadam, Peyman and Hudson, Nicolas},
	journal={arXiv preprint arXiv:1807.10931},
	year={2018}
}

@inproceedings{dutta2019vgg,
	author = {Dutta, Abhishek and Zisserman, Andrew},
	title = {The {VIA} Annotation Software for Images, Audio and Video},
	booktitle = {Proceedings of the 27th ACM International Conference on Multimedia},
	series = {MM '19},
	year = {2019},
	isbn = {978-1-4503-6889-6/19/10},
	location = {Nice, France},
	numpages = {4},
	doi = {10.1145/3343031.3350535},
	publisher = {ACM},
	address = {New York, NY, USA},
}

@article{scorza2019photometric,
	title={Photometric stereo training data set with annotated leaf masks},
	author={Scorza, Livia and Bernotas, Gytis and McCormick, Alistair and others},
	year={2019},
	publisher={University of Edinburgh. School of Biological Sciences. Institute of~…}
}

@inproceedings{kuznichov2019data,
  title={Data augmentation for leaf segmentation and counting tasks in rosette plants},
  author={Kuznichov, Dmitry and Zvirin, Alon and Honen, Yaron and Kimmel, Ron},
  booktitle={Proceedings of the IEEE/CVF Conference on Computer Vision and Pattern Recognition Workshops},
  pages={0--0},
  year={2019}
}

@article{ward2020scalable,
    title = {Scalable learning for bridging the species gap in image-based plant phenotyping},
    journal = {Computer Vision and Image Understanding},
    volume = {197-198},
    pages = {103009},
    year = {2020},
    issn = {1077-3142},
    doi = {10.1016/j.cviu.2020.103009},
    author = {Daniel Ward and Peyman Moghadam}
}

@misc{gomes2020leaf,
    title={Leaf Segmentation and Counting with Deep Learning: on Model Certainty, Test-Time Augmentation, Trade-Offs}, 
    author={Douglas Pinto Sampaio Gomes and Lihong Zheng},
    year={2020},
    eprint={2012.11486},
    archivePrefix={arXiv},
    primaryClass={cs.CV}
}

@article{PRAVEENKUMAR2019233,
	title = {Image based leaf segmentation and counting in rosette plants},
	journal = {Information Processing in Agriculture},
	volume = {6},
	number = {2},
	pages = {233-246},
	year = {2019},
	issn = {2214-3173},
	doi = {https://doi.org/10.1016/j.inpa.2018.09.005},
	url = {https://www.sciencedirect.com/science/article/pii/S2214317318301562},
	author = {J. {Praveen Kumar} and S. Domnic},
	keywords = {Plant image analysis, Plant phenotyping, Leaf region extraction, Leaf count},
}

@inproceedings{wu2020improving,
	title={Improving Pixel Embedding Learning through Intermediate Distance Regression Supervision for Instance Segmentation},
	author={Wu, Yuli and Chen, Long and Merhof, Dorit},
	booktitle={European Conference on Computer Vision},
	pages={213--227},
	year={2020},
	organization={Springer}
}

@article{WANG2019226,
    title = {A review on weed detection using ground-based machine vision and image processing techniques},
    journal = {Computers and Electronics in Agriculture},
    volume = {158},
    pages = {226-240},
    year = {2019},
    issn = {0168-1699},
    doi = {https://doi.org/10.1016/j.compag.2019.02.005},
    url = {https://www.sciencedirect.com/science/article/pii/S0168169918317150},
    author = {Aichen Wang and Wen Zhang and Xinhua Wei},
    keywords = {Weed detection, Machine vision, Image processing, Site-specific weed management, Precision agriculture},
}

@InProceedings{978-3-319-16220-1_5,
    author="Pape, Jean-Michel
    and Klukas, Christian",
    editor="Agapito, Lourdes
    and Bronstein, Michael M.
    and Rother, Carsten",
    title="3-D Histogram-Based Segmentation and Leaf Detection for Rosette Plants",
    booktitle="Computer Vision - ECCV 2014 Workshops",
    year="2015",
    publisher="Springer International Publishing",
    address="Cham",
    pages="61--74",
    isbn="978-3-319-16220-1",
    doi={10.1007/978-3-319-16220-1_5}
}

@misc{kulikov2018instance,
	title={Instance Segmentation by Deep Coloring}, 
	author={Victor Kulikov and Victor Yurchenko and Victor Lempitsky},
	year={2018},
	eprint={1807.10007},
	archivePrefix={arXiv},
	primaryClass={cs.CV}
}

@inproceedings{sapoukhina2019data,
  title={Data augmentation from RGB to chlorophyll fluorescence imaging Application to leaf segmentation of Arabidopsis thaliana from top view images},
  author={Sapoukhina, Natalia and Samiei, Salma and Rasti, Pejman and Rousseau, David},
  booktitle={Proceedings of the IEEE/CVF Conference on Computer Vision and Pattern Recognition Workshops},
  pages={0--0},
  year={2019}
}


@inproceedings{ChallengeRoSE,
	title={Design and validation of testing facilities for weeding robots as part of ROSE Challenge},
	author={Avrin, Guillaume and Boffety, Daniel and Lardy-Fontan, Sophie and Régnier, Rémi and Rescoussié, Rémi and Barbosa, Virginie},
	booktitle={1st International Workshop on Evaluating Progress in Artificial Intelligence (EPAI)},
	year={2020},
	URL = {https://hal.archives-ouvertes.fr/hal-03010299},
	PDF = {https://hal.archives-ouvertes.fr/hal-03010299/file/EPAI_2020_paper_6.pdf},
    HAL_ID = {hal-03010299},
    HAL_VERSION = {v1},
}

@article{vanhaeren2015journey,
	title={A journey through a leaf: phenomics analysis of leaf growth in Arabidopsis thaliana},
	author={Vanhaeren, Hannes and Gonzalez, Nathalie and Inzé, Dirk},
	journal={The Arabidopsis Book/American Society of Plant Biologists},
	volume={13},
	year={2015},
	publisher={American Society of Plant Biologists}
}

@misc{chen2016dcan,
	title={DCAN: Deep Contour-Aware Networks for Accurate Gland Segmentation}, 
	author={Hao Chen and Xiaojuan Qi and Lequan Yu and Pheng-Ann Heng},
	year={2016},
	eprint={1604.02677},
	archivePrefix={arXiv},
	primaryClass={cs.CV}
}

@article{Cui_2019,
	title={A deep learning algorithm for one-step contour aware nuclei segmentation of histopathology images},
	volume={57},
	doi={10.1007/s11517-019-02008-8},
	number={9},
	journal={Medical and Biological Engineering and Computing},
	publisher={Springer Science and Business Media LLC},
	author={Cui, Yuxin and Zhang, Guiying and Liu, Zhonghao and Xiong, Zheng and Hu, Jianjun},
	year={2019},
	month={Jul},
	pages={2027–2043}
}

@inbook{Wu2020,
	author = {Wu, Yuli and Chen, Long and Merhof, Dorit},
	year = {2020},
	month = {01},
	pages = {213-227},
	title = {Improving Pixel Embedding Learning Through Intermediate Distance Regression Supervision for Instance Segmentation},
	isbn = {978-3-030-65413-9},
	doi = {10.1007/978-3-030-65414-6_16}
}

@misc{xie2020instanceaware,
	title={Instance-aware Self-supervised Learning for Nuclei Segmentation}, 
	author={Xinpeng Xie and Jiawei Chen and Yuexiang Li and Linlin Shen and Kai Ma and Yefeng Zheng},
	year={2020},
	eprint={2007.11186},
	archivePrefix={arXiv},
	primaryClass={cs.CV}
}

@article{voss2021branch,
	author = {Voss, Chelsea and Goh, Gabriel and Cammarata, Nick and Petrov, Michael and Schubert, Ludwig and Olah, Chris},
	title = {Branch Specialization},
	journal = {Distill},
	year = {2021},
	note = {https://distill.pub/2020/circuits/branch-specialization},
	doi = {10.23915/distill.00024.008}
}

@misc{ronneberger2015unet,
	title={U-Net: Convolutional Networks for Biomedical Image Segmentation}, 
	author={Olaf Ronneberger and Philipp Fischer and Thomas Brox},
	year={2015},
	eprint={1505.04597},
	archivePrefix={arXiv},
	primaryClass={cs.CV}
}


@inproceedings{morris2018pyramid,
    author    = {Daniel D. Morris},
    title     = {A Pyramid {CNN} for Dense-Leaves Segmentation},
    journal   = {CoRR},
    volume    = {abs/1804.01646},
    year      = {2018},
    url       = {http://arxiv.org/abs/1804.01646},
    archivePrefix = {arXiv},
    eprint    = {1804.01646},
    timestamp = {Mon, 13 Aug 2018 16:47:20 +0200},
    biburl    = {https://dblp.org/rec/journals/corr/abs-1804-01646.bib},
    bibsource = {dblp computer science bibliography, https://dblp.org}
    booktitle={2018 15th Conference on Computer and Robot Vision (CRV)},
    pages={238--245},
    year={2018},
    organization={IEEE}
}

@misc{bell2019leaf,
	title={Leaf segmentation through the classification of edges}, 
	author={Jonathan Bell and Hannah M. Dee},
	year={2019},
	eprint={1904.03124},
	archivePrefix={arXiv},
	primaryClass={cs.CV}
}

@misc{nwankpa2018activation,
	title={Activation Functions: Comparison of trends in Practice and Research for Deep Learning}, 
	author={Chigozie Nwankpa and Winifred Ijomah and Anthony Gachagan and Stephen Marshall},
	year={2018},
	eprint={1811.03378},
	archivePrefix={arXiv},
	primaryClass={cs.LG}
}

@INPROCEEDINGS{8206403,
	author={P. Lottes and C. Stachniss},
	booktitle={2017 IEEE/RSJ International Conference on Intelligent Robots and Systems (IROS)},
	title={Semi-supervised online visual crop and weed classification in precision farming exploiting plant arrangement},
	year={2017},
	volume={},
	number={},
	pages={5155-5161},
	keywords={agriculture;crops;farming;feature extraction;image classification;industrial robots;robot programming;robot vision;training data;semisupervised approach;minimal user efforts;farm robots;classification results;sugar beet fields;precision farming robots;great potential;agro-chemicals;per-plant intervention;growth stages;weed classification;semisupervised online visual crop classification;plant arrangement;C++;ROS;Agriculture;Visualization;Sugar industry;Vegetation mapping;Robots;Feature extraction;Labeling},
	doi={10.1109/IROS.2017.8206403},
	ISSN={2153-0866},
	month={Sep.},
}