@inproceedings{girshick2014rich,
	title={Rich feature hierarchies for accurate object detection and semantic segmentation},
	author={Girshick, Ross and Donahue, Jeff and Darrell, Trevor and Malik, Jitendra},
	booktitle={Proceedings of the IEEE conference on computer vision and pattern recognition},
	pages={580--587},
	year={2014}
}

@inproceedings{girshick2015fast,
	title={Fast r-cnn},
	author={Girshick, Ross},
	booktitle={Proceedings of the IEEE international conference on computer vision},
	pages={1440--1448},
	year={2015}
}