@article{Bai2017DeepWT,
  title={Deep Watershed Transform for Instance Segmentation},
  author={Min Bai and Raquel Urtasun},
  journal={2017 IEEE Conference on Computer Vision and Pattern Recognition (CVPR)},
  year={2017},
  pages={2858-2866}
}

@misc{kulikov2018instance,
    title={Instance Segmentation by Deep Coloring}, 
    author={Victor Kulikov and Victor Yurchenko and Victor Lempitsky},
    year={2018},
    eprint={1807.10007},
    archivePrefix={arXiv},
    primaryClass={cs.CV}
}
@inproceedings{Ward2018DeepLS,
    title={Deep Leaf Segmentation Using Synthetic Data},
    author={Daniel Ward and Peyman Moghadam and Nicolas Hudson},
    booktitle={BMVC},
    year={2018}
}
@inproceedings{qiu2016unrealcv,
    title={Unrealcv: Connecting computer vision to unreal engine},
    author={Qiu, Weichao and Yuille, Alan},
    booktitle={European Conference on Computer Vision},
    pages={909--916},
    year={2016},
    organization={Springer}
}

@article{
    NimierDavidVicini2019Mitsuba2,
    author = {Merlin Nimier-David and Delio Vicini and Tizian Zeltner and Wenzel Jakob},
    title = {Mitsuba 2: A Retargetable Forward and Inverse Renderer},
    journal = {Transactions on Graphics (Proceedings of SIGGRAPH Asia)},
    volume = {38},
    number = {6},
    year = {2019},
    month = dec,
    doi = {10.1145/3355089.3356498}
}
@inproceedings{dupuy2015extracting,
    title={Extracting microfacet-based brdf parameters from arbitrary materials with power iterations},
    author={Dupuy, Jonathan and Heitz, Eric and Iehl, Jean-Claude and Poulin, Pierre and Ostromoukhov, Victor},
    booktitle={Computer Graphics Forum},
    volume={34},
    number={4},
    pages={21--30},
    year={2015},
    organization={Wiley Online Library}
}